4156 6328
464 329 572 385 475

1179 326 1693 384 ONOMAS’I‘ICON
1731 326 1989 380 RERUM
2026 326 2120 380 ET
2157 327 2558 383 VERBORUM
2594 328 3156 386 DIFFICILIORUM.

3767 320 3868 375 476

462 454 607 509 bum
641 469 892 509 sumere.
926 451 1265 518 Cassianus,
1290 450 1483 507 collat.
1516 467 1579 519 11,
1604 467 1727 521 cap.
1760 448 1814 517 6,
1842 448 2113 519 loquente
2142 450 2197 516 Α
2228 456 2473 506 sanctus
2506 458 2745 508 vocatur
2775 458 2829 507 et
2863 468 3095 508 nonnus
3128 448 3212 504 sic
3247 447 3388 519 agit,
3422 462 3528 518 ego
3586 445 3722 517 quis
3771 449 3873 500 aut

464 544 673 599 abbate
696 544 906 615 Moyse:
933 565 961 593 «
996 543 1220 597 Recens
1251 557 1399 596 esca:
1432 541 1724 612 perceptio
1756 544 1877 596 tam
1918 541 1976 595 in
2018 558 2113 596 ve-

465 632 767 703 spertinis,
800 648 978 703 quam
1014 632 1070 685 in
1107 630 1413 685 nocturnis
1444 629 1807 685 orationibus
1867 635 2102 686 tenuem

467 721 773 793 levemque
803 738 1045 777 sensum
1072 738 1188 776 non
1222 722 1364 777 sinit
1394 720 1640 777 inveniri
1677 738 1688 775 :
1715 722 2115 777 ideocommo-

464 812 607 866 dum
639 812 785 867 satis
808 816 865 866 et
896 811 1034 866 utile
1068 812 1212 867 hora
1237 828 1393 867 nona
1412 812 1747 868 refectionis
1771 816 2001 883 tempus
2032 812 2113 866 in-

463 900 695 955 dultum
728 905 854 967 est;
887 900 945 955 in
980 918 1094 971 quo
1126 900 1394 955 reficiens
1427 900 1754 955 monachus
1774 918 1885 955 non
1920 900 2113 955 solum

459 988 522 1045 in
547 989 850 1045 nocturnis
881 990 1098 1061 vigiliis
1131 990 1275 1045 levis
1309 1008 1373 1045 ac
1398 1007 1640 1054 vacuus,
1690 1006 1889 1045 verum
1934 990 2113 1045 etiam

467 1078 530 1133 in
563 1079 709 1150 ipsis
730 1079 1077 1150 vespertinis
1101 1078 1576 1135 solemnitatibus
1601 1080 1826 1151 digesto
1846 1080 1964 1151 jam
1986 1082 2115 1136 cibo

469 1169 768 1224 invenitur
816 1170 1181 1241 aptissimus.
1222 1192 1247 1217 ››

534 1267 760 1324 Nomm.
795 1268 929 1322 Vita
954 1267 1294 1334 Hilarionis,
1326 1268 1384 1322 in
1435 1268 1714 1341 prologo:
1744 1291 1772 1319 «
1814 1270 2001 1325 Decus
2048 1287 2113 1325 ac

460 1358 717 1429 dignitas
730 1357 1027 1428 virginum
1047 1374 1244 1412 nonna
1260 1356 1469 1413 Asella.
1499 1380 1519 1408 ι
1542 1358 1670 1413 Vita
1685 1359 1931 1414 Joannis
1951 1360 2112 1415 Elee-

462 1446 803 1517 mosynarii,
846 1462 973 1516 cap.
1036 1447 1140 1501 1οε
1191 1468 1219 1495 ‹‹
1271 1446 1521 1501 Obsecro
1572 1450 1651 1513 te,
1711 1465 1927 1504 nonna.
1964 1471 1990 1497 ››
2049 1450 2115 1504 Et

462 1552 590 1606 cap.
626 1536 729 1590 46:
762 1537 955 1591 Nonna
995 1537 1239 1607 Pelagia.
1299 1536 1430 1591 Vita
1486 1538 1680 1592 Maria:
1738 1539 2111 1610 Egyptiacae,

460 1644 586 1698 cap.
622 1629 687 1681 17
713 1644 725 1681 :
753 1647 778 1679 α
814 1627 1181 1698 Accipehzeo,
1209 1645 1423 1684 nonna.
1456 1648 1485 1675 »
1518 1628 1808 1701 Pelagius,
1835 1630 2110 1698 libel.vu,

460 1733 626 1773 num.
662 1717 759 1773 1οε
791 1739 819 1767 ‹‹
850 1717 1668 1785 Nonnaista,veninobiscum
1687 1720 1754 1774 ad
1776 1720 2110 1776 balneum.»

460 1807 817 1877 Frequenter
841 1806 957 1861 hac
980 1823 1087 1860 vox
1115 1823 1215 1876 pro
1239 1806 1516 1878 religiosa
1540 1813 1725 1864 matre
1748 1825 1848 1864 seu
1876 1810 2114 1865 domina
2144 1821 2190 1884 Β

466 1895 737 1951 occurrit.
790 1894 1197 1967 Hieronymus,
1232 1898 1411 1987 epist3
1436 1899 1526 1962 22,
1578 1898 1646 1952 ad
1710 1899 2113 1966 Eustochium,

459 1984 541 2041 De
561 1984 894 2057 virginitate
922 1986 1242 2040 servanda:
1279 2005 1301 2033 ι
1328 1984 1474 2051 Quia
1498 1987 1843 2044 maritorum
1868 2004 1969 2061 exp
1982 1996 2115 2045 ertze

460 2074 857 2138 dominatum,
888 2073 1193 2129 viduitatis
1226 2075 1542 2146 praeferunt
1565 2076 1915 2144 libertatem,
1941 2083 2115 2135 castae

460 2168 744 2219 vocantur
773 2167 829 2217 et
858 2179 1091 2217 nonnae.
1126 2186 1153 2213 ››
1190 2163 1370 2233 Idem,
1404 2164 1574 2236 epist.
1605 2166 1696 2233 99,
1731 2167 1802 2221 ad
1832 2168 2109 2223 Asellam:

466 2275 496 2305 «
519 2253 734 2309 Nonnus
764 2257 1114 2308 vocarentur
1136 2256 1193 2308 et
1214 2258 1451 2309 sanctae.
1482 2280 1503 2307 ι
1535 2254 1643 2310 Ubi
1670 2273 1773 2327 pro
1805 2273 2009 2315 nonne,v
2032 2259 2113 2313 ir-

464 2346 728 2415 repserat
758 2342 1023 2399 dominae.
1078 2341 1435 2405 Bonifacius,
1499 2345 1945 2418 archipiseopus
1994 2348 2114 2403 Mo-

464 2437 637 2506 gunt.
666 2431 841 2505 epist.
867 2432 971 2487 l9:
1004 2454 1032 2481 ‹‹
1066 2431 1125 2487 Si
1150 2448 1283 2487 reus
1314 2432 1591 2489 inventus
1623 2434 1821 2500 fuerit,
1866 2440 1931 2491 ut
1979 2453 2113 2491 cum

463 2522 653 2579 velata
674 2526 733 2578 et
760 2526 1100 2578 consecrata
1132 2522 1378 2577 Domino
1412 2540 1607 2578 nonna
1630 2525 2111 2580 concubuisset.»

463 2611 689 2668 Ibidem
721 2611 904 2666 habes
932 2610 1213 2666 adulteria
1271 2615 1323 2667 el
1377 2614 1721 2669 monasteria
1772 2630 2109 2670 nonnarum.

463 2700 679 2773 Synodi
712 2715 948 2772 quoque
978 2718 1012 2755 a
1034 2700 1327 2756 Bonifacio
1351 2708 1734 2775 congregatis,
1761 2720 1909 2776 quas
1930 2705 2113 2760 habes

466 2788 894 2862 Capitularium
930 2788 1031 2845 lib.
1056 2807 1111 2856 ν,
1137 2789 1229 2845 tit.
1254 2792 1308 2857 2,
1331 2792 1385 2858 3,
1411 2808 1743 2848 nonnarum
1765 2793 2111 2848 meminere.

464 2879 528 2934 In
561 2895 810 2951 quarum
845 2879 1073 2950 prima:
1114 2901 1135 2928 ι
1160 2878 1443 2935 Similiter
1470 2887 1527 2937 et
1549 2898 1751 2937 nonnae
1785 2886 1983 2939 velatae
2014 2900 2110 2938 ea-

466 2969 601 3024 dem
630 2967 973 3040 pcenitentia
1002 2968 1429 3025 contineantur.
1466 2995 1487 3023 ι
1528 2974 1590 3027 In
1614 2971 1796 3027 altera
1829 2988 1841 3026 :
1881 2995 1909 3023 »
1938 2972 2113 3027 Simi-

466 3057 601 3114 liter
625 3061 681 3113 et
707 3056 978 3113 monachi
1001 3062 1057 3113 et
1086 3075 1314 3116 nonnae.
1353 3080 1377 3111 ι
1413 3059 1573 3116 Visio
1601 3060 1881 3131 Flotildae,
1901 3062 2114 3134 pagina

2224 547 2441 611 quotus
2471 559 2603 597 sum
2637 548 2701 597 ut
2730 559 2843 598 non
2877 558 3047 613 agam
3080 541 3106 594 ?
3131 561 3158 590 η
3192 536 3425 593 Additio
3460 538 3482 591 1
3520 536 3591 591 ad
3623 536 3865 606 Capitu-

2224 631 2371 686 laria
2401 633 2674 687 Ludovici
2708 633 2871 703 imp.,
2896 633 2965 685 tit
2993 632 3094 684 511:
3131 650 3160 680 «
3212 628 3286 683 Ut
3314 627 3417 699 qui
3453 632 3878 698 praeponuntur

2224 722 2405 776 nonni
2435 727 2734 777 vocentur.
2771 742 2795 772 ιι
2832 719 3292 792 Ουωζὶρείεεὶιιιδ
3310 718 3486 773 verba
3509 720 3647 773 sunt
3668 714 3876 787 synodi

2223 810 2600 883 Aquisgran.,
2632 827 2788 866 anno
2815 811 2921 865 8l7
2979 809 3301 875 celebratae,
3348 824 3477 878 quae
3526 805 3880 861 adumbrata

2221 901 2495 956 videntur
2522 919 2591 956 ex
2624 900 2828 972 regula
2858 898 3176 964 Benedicti,
3219 913 3346 968 cap.
3405 897 3513 951 63:
3547 917 3575 945 «
3639 895 3864 950 Priores

2217 989 2480 1058 juniores
2512 1006 2649 1045 suos
2692 991 2899 1044 fratres
2943 988 3292 1054 nominent;
3340 985 3609 1056 juniores
3675 987 3872 1038 autem

2223 1081 2446 1151 priores
2477 1098 2615 1137 suos
2646 1081 2883 1136 Nonnos
2909 1084 3133 1149 vocent,
3164 1079 3319 1150 quod
3368 1076 3720 1148 intelligitur
3773 1092 3874 1146 pa-

2222 1175 2386 1225 terna
2420 1172 2759 1227 reverentia.
2798 1192 2826 1219 ››

2296 1259 2445 1314 Illud
2480 1276 2713 1330 quoque
2747 1263 2997 1327 constat,
3030 1259 3225 1313 Nonna
3252 1256 3427 1312 etiam
3470 1270 3682 1312 nomen
3738 1271 3876 1327 pro-

2223 1349 2418 1420 prium
2453 1350 2656 1415 fuisse,
2689 1348 3131 1419 Moschopulus,
3164 1344 3293 1419 Περὶ
3327 1341 3539 1420 exesa»
3572 1362 3707 1418 pag.
3758 1345 3832 1399 93
3860 1361 3874 1400 :

2220 1436 2419 1504 Νὸννα,
2452 1437 2660 1509 κύριον.

2291 1529 2529 1583 NONUM.
2566 1526 2857 1599 Pelagius,
2890 1527 3086 1583 libello
3116 1543 3216 1594 v11,
3251 1542 3416 1580 num.
3444 1526 3518 1580 7:
3548 1546 3567 1575 ι
3601 1523 3883 1579 Dicebant

2222 1619 2292 1673 de
2323 1618 2531 1673 abbate
2562 1618 2891 1687 Theodoro,
2922 1622 2978 1672 et
3009 1617 3218 1671 abbate
3247 1616 3422 1670 Lucio
3456 1615 3526 1669 de
3557 1618 3718 1668 Nono
3740 1612 3874 1668 Ale-

2219 1708 2497 1762 xandriaa.
2534 1730 2562 1756 ››
2594 1707 2740 1763 Mira
2771 1707 2864 1762 hic
2896 1714 3022 1761 erat
3052 1705 3371 1761 lectionum
3404 1704 3679 1767 varietas,
3738 1701 3875 1757 aliis

2220 1798 2291 1851 de
2319 1798 2483 1862 Novo,
2515 1795 2647 1851 aliis
2678 1797 2749 1851 de
2780 1800 2992 1865 Nonne,
3053 1794 3184 1851 aliis
3241 1793 3306 1849 de
3350 1794 3463 1849 loco
3519 1792 3879 1865 legentibus.

2221 1885 2403 1941 Obxia
2435 1885 2689 1955 cuipiam
2711 1886 3047 1954 conjectura
3077 1884 3174 1949 sit,
3208 1883 3273 1939 de
3296 1884 3461 1938 Nemo
3491 1880 3872 1948 Alexandria,

2222 1976 2377 2046 quod
2414 1979 2871 2047 ZEgyptus,teste
2906 1974 3092 2039 Plino,
3125 1973 3223 2027 lib.
3259 1990 3315 2040 v,
3348 1989 3477 2043 cap.
3508 1972 3563 2035 9,
3588 1971 3777 2025 divisa
3806 1971 3891 2024 sit

2217 2064 2275 2119 in
2308 2082 2513 2121 nomos
2543 2080 2646 2119 seu
2676 2065 3075 2134 praefecturas,
3110 2062 3265 2117 inter
3291 2078 3440 2133 quos
3472 2077 3686 2116 nomus
3732 2059 3874 2113 Ale-

2217 2157 2497 2223 xandriaa,
2532 2165 2595 2210 ut
2625 2156 2712 2211 vel
2746 2160 3005 2226 uterque,
3037 2154 3123 2210 vel
3158 2153 3372 2209 Lucius
3404 2157 3561 2208 certe
3597 2153 3671 2206 de
3695 2167 3881 2206 nomo

2220 2247 2429 2301 1044
2459 2246 2818 2301 Alexandria
2850 2245 3056 2311 fuerit;
3092 2260 3191 2299 seu
3228 2244 3337 2298 hoc
3370 2243 3596 2298 uictum
3640 2242 3738 2309 sit,
3797 2241 3879 2295 ad

2220 2334 2470 2407 patriam
2503 2350 2706 2390 eorum
2740 2334 3287 2399 demonstrandam,
3313 2332 3438 2387 sive
3472 2332 3543 2387 ob
3572 2346 3886 2385 conversa-

2220 2426 2397 2480 tionis
2444 2424 2659 2487 locum,
2694 2424 2814 2479 sive
2846 2424 2917 2478 ad
2974 2421 3408 2478 distinctionem
3472 2420 3724 2477 aliorum
3775 2419 3885 2489 qui

2224 2516 2430 2570 eodem
2464 2515 2862 2569 censebantur
2890 2513 3147 2567 nomine.

2291 2613 2476 2667 Alicui
2513 2614 2631 2667 fors
2662 2612 2720 2666 in
2756 2616 3009 2667 mentem
3042 2610 3239 2666 veniat
3268 2610 3366 2677 No,
3414 2609 3617 2664 Ezecb.
3651 2625 3761 2662 xxx
3813 2612 3881 2663 et

2218 2703 2455 2758 Nahum
2489 2719 2572 2769 111,
2609 2702 2762 2773 quod
2798 2701 2967 2757 divus
3008 2701 3398 2771 Hieronymus
3456 2704 3513 2753 et
3565 2697 3884 2753 Chaldaeus

2219 2792 2621 2848 Alexandrzam
2652 2791 2881 2863 Egypti
2908 2790 3393 2861 interpretantur.

2292 2890 2401 2945 Sed
2441 2890 2809 2945 verissimam
2834 2888 3075 2944 omnino
3098 2887 3409 2942 lectionem
3456 2885 3749 2955 existimo,
3812 2886 3890 2942 de

2218 2981 2370 3036 Nono
2394 2979 2766 3045 Alexandrlae,
2803 2979 2857 3033 id
2893 2983 3003 3042 est,
3036 2979 3107 3033 de
3139 2994 3291 3033 nono
3342 2976 3709 3031 Alexandria:
3764 2974 3887 3030 cli-

2220 3074 2377 3125 mate
2409 3086 2512 3124 seu
2541 3069 2796 3140 regione,
2835 3066 3122 3138 siquidem
3143 3066 3552 3121 Alexandriam
3578 3065 3636 3120 in
3690 3064 3890 3135 regio-

462 3147 609 3203 205:
647 3167 675 3199 α
704 3145 866 3202 Vidit
905 3164 967 3203 9°
997 3164 1125 3205 esse
1156 3148 1214 3203 in
1245 3150 1502 3220 9‘10de
1535 3167 1759 3206 ama?in
1810 3150 1956 3217 Ῑοοο,
2016 3169 2113 3207 νϐ·
2146 3174 2188 3242 C
2230 3175 2331 3214 nes
2364 3175 2465 3213 seu
2499 3157 2738 3213 climata
2769 3155 3122 3225 divisam(ut
3152 3160 3209 3209 et
3239 3154 3378 3210 olim
3411 3154 3892 3225 Boma)innuunt

473 3235 719 3307 lumque
749 3237 985 3310 nigrum
1011 3254 1071 3294 se
1102 3243 1464 3311 supercaput
1486 3238 1719 3307 habere,
1750 3240 1821 3295 de
1844 3257 1959 3310 quo
1978 3257 2111 3295 cum

481 3326 1089 3399 requisisset,audivit
1110 3329 1262 3399 quod
1285 3328 1407 3383 fieri
1432 3345 1629 3383 nonna
1643 3329 1936 3384 deberet.»
1960 3330 2117 3385 Glos-

471 3416 696 3472 sarium
728 3416 1193 3473 Camberonense
1225 3416 1328 3472 Ms.
1373 3418 1845 3488 Sanctimonialis,
1898 3437 2114 3489 nunna,

466 3504 760 3575 monacho,
792 3505 1077 3560 monialis.

539 3606 756 3659 Nonnae
782 3602 1057 3659 videntur
1087 3606 1141 3659 et
1170 3620 1447 3661 nonnanze
1477 3606 1666 3661 dictze.
1695 3606 2001 3680 Colligitur
2050 3624 2118 3663 ex

469 3692 901 3765 Capitularium
936 3692 1036 3749 lib.
1065 3696 1115 3761 1,
1146 3694 1233 3750 tit.
1268 3696 1355 3763 17,
1382 3696 1482 3751 ubi
1506 3696 1809 3769 inscriptio
1831 3702 1920 3753 est
1951 3715 1963 3753 :
1992 3698 2116 3752 Cle-

465 3782 604 3836 rici:
632 3784 685 3837 et
704 3783 1019 3838 Nonnanis.
1045 3782 1113 3837 Et
1141 3770 1418 3839 subditur
1434 3802 1618 3841 canon
1652 3785 1883 3841 concilii
1909 3787 2118 3841 Laodi-

472 3870 623 3938 ceni,
650 3871 793 3941 quod
821 3887 933 3926 non
964 3877 1210 3943 oporteat
1258 3874 1519 3930 mulieres
1549 3875 1619 3929 ad
1649 3876 1827 3931 altare
1856 3876 2117 3949 ingredi.

464 3959 876 4016 Traditionum
905 3960 1291 4017 Fuldensium
1323 3962 1426 4018 lib.
1462 3981 1523 4033 11,
1556 3981 1613 4018 n.
1640 3964 1730 4033 38,
1788 3981 1919 4035 pag.
1970 3965 2114 4021 509:

472 4068 499 4103 ι
532 4048 835 4121 Reliquais
866 4066 1015 4121 quas
1060 4051 1350 4108 Einhildis
1397 4054 1698 4110 abbatissa
1750 4054 2006 4124 donavit,
2064 4059 2121 4110 et

475 4138 723 4193 tradidit
753 4138 872 4194 illis
905 4141 1218 4197 nonnanis.
1254 4164 1282 4191 »

542 4233 685 4288 Item
717 4251 1025 4290 nonnanes.
1060 4236 1483 4309 Capitularium
1516 4239 1619 4295 lib.
1650 4257 1705 4309 v,
1731 4240 1821 4295 tit.
1852 4241 1922 4294 78
1952 4257 1965 4296 :
2007 4241 2123 4296 «Ut

470 4321 829 4393 condignum
865 4325 1211 4395 professioni
1243 4342 1443 4383 eorum
1478 4330 1809 4385 custodiam
1869 4330 2124 4385 habeant

469 4411 756 4481 canonici,
795 4412 882 4467 vel
917 4415 1192 4469 monachi
1214 4420 1385 4487 atque
1410 4434 1734 4475 nonnanes.
1764 4420 1875 4474 »Εἰ
1898 4418 1999 4475 lib.
2021 4437 2121 4487 v11,

467 4499 563 4554 tit.
597 4500 703 4555 316
727 4518 741 4557 :
776 4524 803 4551 (ι
840 4501 1126 4559 Similiter
1146 4509 1204 4559 et
1226 4522 1531 4563 nonnanes
1553 4508 1751 4564 velata:
1773 4510 1976 4564 eadem
2002 4526 2121 4580 pce-

466 4588 717 4645 nitentia
736 4592 1067 4649 teneantur.
1108 4612 1134 4645 l
1162 4594 1326 4650 Unde
1357 4595 1539 4652 Gallis
1568 4598 1829 4653 nonnius.
1863 4599 2003 4654 Eam
2022 4614 2120 4653 vo-

466 4692 595 4732 cem
625 4678 843 4736 frustra
874 4681 943 4736 ad
978 4681 1383 4740 Germanicam
1411 4686 1859 4757 originationem
1886 4687 2123 4743 deducit

464 4765 635 4823 Vitus
670 4770 1103 4827 Amerbachius
1134 4774 1288 4829 notis
1318 4774 1440 4831 suis
1472 4772 1543 4831 ad
1602 4776 1959 4848 Capitularia
2018 4793 2116 4832 seu

468 4855 934 4915 Constitutiones
958 4860 1148 4916 Caroli
1180 4862 1399 4935 Magni.

543 4953 954 5028 Hieronymus,
987 4958 1158 5029 epist.
1184 4961 1253 5015 47
1294 4963 1363 5017 ad
1416 4966 1662 5018 matrem
1712 4966 1768 5018 et
1816 4962 1997 5018 ﬁliam
2058 4962 2118 5017 in

467 5041 649 5099 Gallia
682 5051 1115 5103 commorantes
1146 5050 1469 5107 adulationi
1491 5052 1728 5107 titulum
1747 5051 2119 5107 nonniascri-

464 5130 585 5186 bit:
622 5134 871 5198 «Quaain
888 5136 1288 5195 adulationem
1313 5141 1397 5195 tui
1422 5149 1690 5197 sanctum
1730 5157 2115 5212 nonnumque

474 5234 670 5276 coram
704 5226 759 5278 te
790 5228 979 5281 vocat.
1005 5247 1033 5275 »
1048 5228 1342 5284 Arnobius
1366 5230 1637 5287 similiter
1656 5230 1713 5285 in
1741 5231 1957 5285 Psalm.
1991 5246 2115 5284 CXL:

470 5330 499 5359 «
526 5308 849 5369 Adulantes
880 5315 1049 5371 nobis
1083 5317 1431 5382 invicem,in
1456 5319 1726 5392 praesenti
1751 5320 1946 5391 positi,
1979 5336 2119 5374 san-

471 5400 595 5452 ctos
634 5415 911 5459 vocamus
942 5409 999 5460 et
1028 5423 1294 5476 nonnos;
1332 5408 1605 5465 absentes
1636 5425 1768 5463 vero
1818 5408 1901 5463 ita
1958 5424 2118 5463 mor-

468 5485 683 5543 demus
717 5494 894 5561 atque
926 5496 1312 5567 percutimus,
1346 5503 1411 5554 ut
1441 5503 1593 5555 recte
1653 5496 1901 5553 canibus
1958 5513 2117 5553 com-

468 5591 765 5647 Paremur.
799 5604 821 5632 ι
860 5582 1020 5640 Idem
1052 5586 1109 5639 in
1138 5587 1293 5643 Psal.
1318 5605 1407 5655 cv,
1429 5605 1498 5644 ea
1517 5604 1654 5644 voce
1677 5586 1865 5641 utitur
1889 5602 1902 5641 :
1935 5604 1957 5633 ι
1982 5587 2120 5642 Ter-

466 5680 619 5721 rena
652 5672 881 5727 mentes
911 5672 1352 5734 interﬁciuntur
1382 5678 1491 5735 hoc
1522 5676 1765 5735 ordine:
1800 5674 1859 5731 Si
1891 5673 1987 5732 ille
2018 5677 2117 5748 qui

2229 3248 2595 3313 Ammianus,
2633 3245 2734 3301 lib.
2770 3262 2907 3311 XXII,
2944 3245 3042 3299 ubi
3068 3244 3364 3311 Bruchion,
3399 3260 3530 3316 quae
3552 3243 3704 3315 apud
3739 3241 3888 3297 Ale-

2224 3336 2557 3401 xandriam,
2580 3335 3053 3406 vocatregionum
3073 3334 3379 3388 maximam
3399 3338 3615 3405 partem
3631 3353 3651 3399 ;
3670 3334 3728 3387 et
3742 3331 3850 3401 Epi
3864 3362 3887 3373 -

2225 3426 2503 3497 phanius,
2536 3424 2637 3479 lib.
2668 3424 2747 3479 De
2772 3422 3131 3494 ponderibus
3164 3426 3221 3478 et
3244 3422 3565 3487 mensuris,
3589 3438 3720 3493 pag.
3744 3420 3885 3488 536,

2230 3515 2523 3589 βρουχεῖον
2545 3517 2711 3569 vocat
2739 3510 2915 3583 κλίμα
2944 3518 3045 3580 τῆς
3079 3508 3439 3585 Ἀλεξυνδρου
3470 3507 3711 3574 πόλεως,
3744 3513 3895 3575 Quae

2226 3605 2397 3660 lectio
2429 3603 2733 3659 verissima
2763 3602 3001 3657 omnino
3034 3606 3139 3657 est.
3176 3602 3320 3657 Nam
3356 3601 3454 3673 qui
3490 3600 3582 3656 his
3613 3599 3893 3655 Theodo-

2227 3712 2329 3750 rus
2352 3694 2568 3749 dicitur
2597 3693 2662 3749 de
2689 3694 2859 3761 Nono,
2895 3693 3049 3763 apud
3101 3692 3372 3746 eumdem
3424 3690 3750 3761 Pelagium,
3812 3688 3896 3743 1i-

2227 3783 2380 3840 bello
2424 3801 2505 3851 x1,
2570 3800 2733 3837 num.
2772 3783 2827 3849 2,
2891 3781 3107 3836 dicitur
3165 3782 3474 3837 Theodorus
3530 3780 3596 3835 de
3649 3782 3900 3845 Ennato,

2227 3875 2379 3945 quod
2413 3878 2502 3928 est
2532 3872 2686 3927 idem
2722 3872 2876 3943 quod
2906 3872 2971 3927 de
3002 3873 3170 3927 Nono.
3203 3872 3296 3926 Sic
3339 3869 3537 3925 libello
3570 3886 3672 3937 χιι,
3709 3884 3891 3923 num.

2226 3965 2280 4031 9,
2311 3963 2525 4018 dicitur
2556 3964 2754 4016 Lucius
2786 3961 2847 4015 in
2869 3964 3115 4027 Ennato,
3151 3961 3208 4016 id
3242 3965 3351 4025 est,
3385 3963 3565 4027 Nano,
3608 3958 3899 4015 videlicet

2228 4053 2463 4109 climate
2495 4051 2881 4107 Alexandriae.
2917 4051 3010 4106 Sic
3040 4051 3098 4105 in
3134 4050 3377 4105 Menaeis
3408 4049 3645 4113 Graecis,
3678 4050 3713 4102 9
3770 4048 3897 4103 Oc-

2227 4141 2433 4211 tobris,
2468 4142 2524 4195 in
2548 4140 2679 4195 Vita
2712 4140 3027 4195 Andronici
3058 4144 3115 4195 et
3142 4139 3478 4195 Athanasiae
3502 4137 3897 4193 anachoreta-

2235 4248 2368 4287 rum
2402 4230 2584 4285 habes
2617 4226 3107 4297 ὀατωκαιδέκατον,
3143 4239 3391 4285 octavum
3449 4228 3743 4291 decimum,
3795 4228 3894 4283 vel

2230 4320 2429 4385 clima,
2462 4320 2546 4374 vel
2580 4320 3010 4389 suburbanum,
3039 4319 3130 4375 vel
3162 4318 3494 4374 cmnobium
3537 4318 3691 4388 apud
3753 4316 3897 4371 Ale-

2228 4411 2557 4466 xandriam.
2597 4410 2729 4465 Vide
2760 4411 3045 4465 ENNATUM
3076 4413 3133 4464 et
3160 4409 3489 4465 SEPTIMUM.

2301 4504 2556 4560 OBULUS.
2592 4505 2911 4574 Palladius,
2946 4522 3074 4576 cap.
3111 4507 3213 4561 1οε
3246 4528 3274 4557 ‹‹
3309 4504 3415 4569 Qui
3441 4520 3512 4559 ne
3537 4504 3691 4558 duos
3758 4505 3898 4574 qui-

2231 4596 2363 4649 dem
2398 4595 2602 4650 obolos
2635 4594 2922 4666 despexit.
2960 4617 2987 4644 »
3023 4594 3319 4650 Palladius
3358 4594 3453 4648 hic
3504 4593 3638 4648 duos
3686 4592 3901 4658 obolos,

2231 4680 2325 4737 δύο
2365 4676 2624 4752 ὀϐολούς,
2680 4682 2954 4755 appellat,
2990 4700 3117 4755 quae
3149 4682 3331 4738 Marci
3374 4700 3477 4749 x11,
3539 4682 3629 4749 42,
3674 4697 3905 4737 vocan-

2228 4778 2326 4829 tur
2354 4770 2529 4827 λεπτὰ
2559 4768 2676 4839 δύο,
2708 4771 2735 4825 ὃ
2765 4768 3095 4847 κοδράντης,
3137 4773 3242 4827 duo
3300 4775 3544 4839 minuta,
3599 4772 3754 4842 quod
3811 4775 3904 4825 est

2226 4862 2534 4935 quadrans.
2571 4862 2747 4933 Atqui
2780 4861 2934 4918 oboli
2968 4869 3177 4934 quarla
3218 4878 3355 4933 pars
3414 4866 3502 4916 est
3558 4860 3897 4932 quadrans.

2229 4955 2340 5011 Sed
2373 4953 2468 5009 hic
2490 4952 2746 5009 sumitur
2776 4953 2969 5008 obolus
3002 4970 3105 5025 pro
3138 4953 3382 5009 minimo
3414 4967 3624 5025 genere
3680 4966 3901 5006 mone-

2228 5048 2321 5099 tae.
2355 5044 2523 5116 Apud
2579 5043 2754 5107 LXX,
2808 5043 2984 5099 Exodi
3044 5061 3084 5111 1,
3142 5045 3232 5112 30,
3288 5036 3490 5103 ὀϐολὸς
3551 5040 3906 5113 appellatur

2232 5150 2513 5189 nummus
2541 5134 2996 5205 quivigesimam
3022 5137 3247 5204 partem
3269 5131 3601 5187 didrachmi
3626 5130 3897 5197 valebat,

2228 5225 2347 5281 sive
2381 5223 2531 5291 sicli,
2582 5220 2751 5275 εἷ’κοσι
2810 5216 3005 5277 ὅϐολοί
3067 5219 3399 5297 δίδραχμον.
3459 5220 3708 5293 Vulgata
3763 5220 3901 5275 Lat.

2226 5316 2415 5371 Siclus
2447 5313 2691 5382 vinginti
2712 5314 2891 5369 obolos
2922 5314 3103 5369 habet.
3139 5318 3391 5368 Faou'ro.

2299 5412 2478 5467 Oanis
2498 5428 2837 5467 numnum.
2864 5411 2929 5466 Ἡ
2951 5412 3041 5465 ὑπ’
3063 5410 3287 5485 οὐρανόν
3338 5408 3661 5476 Palladius,
3687 5410 3907 5480 cap.19

2227 5504 2283 5557 et
2310 5501 2381 5555 20
2404 5518 2459 5556 τι
2488 5499 2801 5556 Dicebatur
2822 5501 3031 5573 majori
3053 5506 3316 5572 tempore
3335 5515 3467 5554 cum
3497 5499 3607 5553 Deo
3641 5497 3909 5565 versari,

2227 5604 2344 5660 qua
2366 5588 2547 5660 hujus
2560 5588 2719 5646 orbis
2732 5607 2835 5647 seu
2851 5590 3056 5647 mundi
3077 5592 3251 5647 rebus
3265 5582 3910 5660 occupari..»’E).é~{:-to

2230 5676 2445 5751 μᾶλλον
2467 5682 2547 5751 τῷ
2562 5676 2775 5735 πλείονι
2791 5677 2981 5757 χρόνῳ
2994 5671 3435 5756 προσδιατρίϐειν
3462 5677 3640 5749 Θεῷ,ἧ
3660 5680 3783 5737 τοῖς
3805 5674 3916 5729 ὑπ’
