4156 6328
275 403 389 458 477

1007 402 1515 459 ΟΝΟΜΔΒΤΙΟΟΝ
1553 407 1810 460 RBRUM
1847 409 1920 461 E'l

2039 413 2376 471 BRBORUM
2419 417 2978 474 DIFFICILIORUM.

3595 413 3700 467 478

266 525 499 602 οὖρανὸν
533 523 866 600 πράγμασιν,
895 525 1174 582 Hervetus
1213 533 1504 584 verterat:
1540 552 1568 578 ‹‹
1625 529 1920 586 Dicebatur

2117 536 2302 593 Etiam
2355 542 2724 597 sacerdotum
2776 557 2988 596 manus
3033 537 3473 594 osculabantur.
3507 536 3700 591 Habes

267 617 486 689 majori
521 625 780 686 tempore
811 615 898 670 vel
931 632 1063 672 cum
1102 616 1222 672 Deo
1273 618 1359 672 vel
1393 618 1451 673 in
1503 620 1678 674 rebus
1719 622 1936 676 versari

266 706 636 763 coelestibus.
674 727 701 754 »
736 705 949 760 Fronto
983 705 1040 760 in
1074 706 1273 761 Graeco
1308 706 1464 778 legii,
1499 707 1532 776 ἢ
1565 711 1680 768 τοῖς
1713 714 1812 775 τῆς
1848 693 1936 761 ὐπ’

267 793 746 870 οὖρανόνΝοοετὶ
768 793 925 848 enim
951 795 1033 849 ait
1063 811 1158 851 res
1181 797 1516 852 mundanas
1549 801 1603 852 et
1626 797 1935 853 saeculares

262 883 333 938 τὰ
364 882 660 958 πράγματα
686 887 785 950 τῆς
818 881 908 936 ὐπ’
939 882 1190 958 οὐρανόν.
1219 884 1382 941 Unde
1402 885 1721 942 Heraclidis
1753 889 1935 942 inter-

263 991 403 1046 pres
429 989 444 1029 :
468 996 497 1023 »
532 973 600 1028 Et
630 970 966 1027 cmlestibus
999 973 1254 1044 amplius
1287 991 1463 1044 quam
1489 975 1733 1030 terrenis
1756 992 1933 1048 nego-

263 1064 365 1118 tiis
399 1062 711 1118 interesse.
741 1083 767 1109 υ
799 1061 910 1127 Τὴν
948 1060 1032 1114 ὑπ’
1066 1059 1292 1135 οὐρανὸν
1321 1063 1626 1134 Scriptura
1659 1075 1933 1120 terrarum

265 1152 453 1208 orbem
485 1149 762 1223 appellat.
820 1150 1180 1222 Theophilus
1228 1153 1297 1207 ad
1347 1152 1720 1223 Autolycum,
1755 1154 1854 1208 lib.
1891 1172 1930 1222 ι,

261 1241 348 1295 καὶ
378 1240 453 1299 ὡς
473 1235 733 1316 ἀσφαλεῖς
757 1235 918 1301 ἔτίθει
934 1239 1111 1314 πηγὰς
1133 1245 1233 1308 τῆς
1254 1239 1342 1293 ὑπ’
1361 1238 1632 1313 οὐρανόν..
1659 1265 1687 1291 ‹‹
1703 1243 1771 1296 Et
1796 1259 1930 1298 cum

260 1332 645 1388 conﬁrmatos
684 1330 938 1400 ponebat
970 1330 1158 1385 fontes
1191 1331 1342 1400 ejus,
1395 1349 1519 1401 quae
1551 1332 1660 1386 sub
1691 1333 1854 1387 cmlo.
1896 1357 1916 1381 υ

260 1420 550 1492 Vulgata:
585 1428 636 1474 ει
654 1418 916 1475 cardines
949 1419 1098 1474 orbis
1114 1422 1300 1476 terrae.
1333 1419 1425 1474 Sic
1449 1421 1600 1491 apud
1637 1420 1929 1492 Theophi-

261 1509 413 1578 lum,
446 1509 649 1564 infra:
683 1504 912 1582 ἐφώτισε
928 1508 1028 1575 τήν
1061 1507 1150 1561 ὑπ’
1183 1505 1429 1582 σύρανὸν,
1467 1509 1816 1565 «illuminat
1838 1528 1928 1566 or-

261 1599 399 1655 bem
438 1597 554 1652 sub
587 1597 728 1652 ccelo
763 1598 1127 1652 universum.
1163 1621 1184 1647 ι

335 1687 559 1743 ORBUS.
595 1686 792 1742 Oculis
820 1704 1048 1753 carens,
1083 1687 1239 1759 quod
1271 1687 1483 1743 Graecis
1515 1685 1604 1741 ἀπ’
1640 1686 1926 1759 ὀμμάτων,

261 1777 432 1848 quasi
455 1777 525 1831 ab
542 1793 642 1832 seu
667 1794 742 1832 ea:
764 1778 962 1832 oculis.
992 1776 1444 1849 Palladius,cap.
1471 1780 1501 1832 4
1526 1795 1538 1833 :
1565 1801 1593 1829 «
1621 1780 1926 1850 Didymus,

258 1865 359 1937 qui
398 1866 508 1920 fuit
531 1866 734 1921 orbus.
765 1887 792 1915 ››
824 1865 852 1918 ὁ
886 1865 991 1919 ἀπὸ
1020 1863 1284 1936 ὀμμάτων
1307 1867 1620 1938 γενόμενος.
1661 1866 1799 1920 Ἀπὸ
1831 1865 1927 1937 ὀμ·

2047 625 2139 680 hic
2200 629 2269 684 de
2299 630 2611 689 Hilarione.
2661 633 3074 701 Hieronymus,
3108 630 3278 701 epist.
3309 629 3400 694 99,
3433 629 3505 682 ad
3539 625 3702 680 Asel-

2044 714 2183 783 lam,
2215 735 2348 774 cum
2387 722 2573 776 Romae
2604 727 2955 790 versaretur,
2991 726 3047 775 et
3085 721 3210 790 jam
3245 723 3379 772 ante
3427 717 3702 772 sacerdos

2043 807 2361 864 Antiochiae
2395 817 2623 867 creatus
2655 817 2846 868 esset:
2883 835 2903 860 α
2931 810 3367 866 Oseulabantur
3395 807 3539 862 mihi
3573 823 3700 861 ma-

2045 913 2157 952 nus
2181 901 2444 967 quidam,
2477 906 2533 957 et
2565 918 2661 956 ore
2686 903 2916 972 vipereo
2950 898 3358 955 detrahebant.
3381 918 3409 947 »

2111 989 2392 1044 OSCULARI
2452 1006 2685 1045 OCULOS.
2745 990 2880 1043 Vita
2959 987 3123 1042 Pauli
3174 985 3347 1057 primi
3419 986 3701 1050 eremitae,

2042 1091 2205 1130 num.
2243 1077 2339 1131 42:
2380 1098 2406 1128 α
2458 1079 2751 1134 Oseulatis
2799 1077 3111 1151 [Vallars.,
3163 1073 3540 1144 exosculatis]
3573 1073 3702 1144 ejus

2041 1166 2226 1221 oculis
2274 1170 2682 1242 manibusque.
2721 1192 2748 1218 »
2783 1170 2911 1223 Vita
2957 1166 3220 1223 Melaniae
3280 1165 3528 1235 iunioris
3568 1163 3702 1234 Ms.,

2039 1271 2165 1328 cap.
2197 1258 2226 1311 4
2258 1259 2329 1313 de
2361 1260 2576 1315 Serena
2616 1259 2985 1330 imperatrice
3019 1264 3075 1313 et
3118 1258 3405 1315 Melania:
3442 1279 3468 1306 ‹‹
3504 1260 3571 1310 Et
3594 1256 3700 1309 ite-

2038 1361 2166 1399 rum
2202 1347 2562 1418 amplectans
2584 1349 3045 1420 constringebat,
3071 1353 3126 1403 et
3157 1347 3536 1403 osculabatur
3570 1361 3698 1399 eam

2037 1438 2094 1488 et
2125 1436 2326 1491 oculos
2357 1439 2506 1507 ejus.
2539 1461 2564 1486 »
2622 1439 2944 1503 Ennodius,
2998 1437 3097 1490 lib.
3134 1455 3230 1504 vn,
3283 1437 3453 1507 epist.
3505 1434 3588 1498 14,
3624 1434 3695 1487 ad

2037 1524 2506 1582 Archotamiam:
2549 1551 2567 1576 ι
2608 1532 2679 1581 Ut
2710 1544 2845 1582 eum
2880 1527 3094 1581 domno
3151 1543 3280 1581 meo
3336 1524 3695 1596 presbytero,

2038 1613 2272 1683 utrique
2297 1615 2630 1670 osculantes
2653 1633 2861 1670 manus
2886 1619 2942 1668 et
2965 1613 3164 1669 oculos
3188 1619 3342 1668 tuos.
3381 1634 3409 1661 ››
3428 1613 3609 1667 Credo
3634 1615 3699 1664 ut

2037 1699 2116 1755 ita
2148 1705 2526 1758 ostenderent
2549 1706 2697 1775 quod
2732 1722 2793 1759 se
2826 1704 3027 1758 oculos
3054 1709 3254 1758 contra
3285 1703 3494 1757 charos
3519 1700 3696 1755 habe-

2035 1795 2182 1842 rent.
2220 1791 2312 1845 Sic
2345 1799 2679 1848 sanctorum
2715 1810 2949 1860 manus,
2986 1789 3482 1863 reliquias,oculis
3511 1787 3698 1860 appli-

2036 1878 2267 1934 cabant.
2317 1881 2449 1936 Vita
2502 1882 2792 1936 Simeonis
2821 1881 3062 1953 Stylitaa,
3105 1899 3232 1952 cap.
3272 1881 3378 1932 l7:
3418 1899 3443 1930 ιι
3488 1878 3699 1932 Manus

261 1935 446 2024 μάτων
482 1959 706 2010 vertere
737 1955 932 2026 possis
974 1935 1276 2010 Abccellus.
1315 1935 1507 2010 Utitur
1554 1973 1621 2011 ea
1655 1972 1791 2010 voce
1823 1935 1920 2010 Pe~

2039 1968 2168 2038 ejus
2201 1971 2365 2040 posui
2401 1989 2576 2042 super
2606 1972 2806 2027 oculos
2839 1971 3266 2038 meos,dicens:
3317 1967 3696 2034 Benedic,ob-

254 2047 389 2099 trus
419 2045 739 2112 Blesensis,
769 2044 1039 2100 eruditus
1070 2044 1336 2115 scriptor,
1371 2061 1552 2100 serm.
1598 2046 1698 2098 l8:
1739 2066 1766 2092 ››
1789 2044 1916 2100 Noli

257 2134 431 2203 sequi
454 2131 980 2202 retributiones,ne
1006 2133 1220 2188 faciant
1239 2139 1294 2188 te
1309 2150 1504 2188 senem
1530 2132 1918 2188 abocellum.»

255 2223 327 2278 Et
358 2241 542 2280 serm.
579 2223 683 2280 43:
731 2253 757 2280 κ
787 2224 1004 2279 Excute
1036 2241 1277 2279 manum
1312 2230 1473 2279 tuam
1507 2225 1578 2279 ab
1611 2224 1765 2280 omni
1790 2241 1917 2279 mu-

257 2331 422 2382 nere,
456 2330 530 2370 ne
563 2330 768 2385 pareas
803 2314 1067 2386 pauperi,
1103 2331 1174 2370 ne
1200 2331 1444 2370 munera
1467 2315 1771 2371 exoculent
1793 2319 1847 2370 te
1862 2318 1920 2369 et

258 2404 478 2459 faciant
511 2421 709 2460 senem
743 2404 1092 2460 abocellum.
1131 2427 1158 2454 »
1191 2405 1424 2460 Dictum
1459 2422 1525 2460 ea
1573 2406 1756 2461 forma
1786 2403 1918 2459 Ἀπὸ

258 2490 557 2563 ὀμμάτων,
609 2495 779 2564 quasi
825 2493 1130 2566 Exoculus,
1164 2496 1246 2551 uti
1299 2495 1512 2550 dicitur
1541 2493 1645 2548 ἀπὸ
1680 2493 1917 2564 ὑπάτων,

257 2584 548 2651 exeamul,
583 2588 639 2640 et
670 2583 908 2639 similia.

324 2672 547 2729 Oscho
616 2689 892 2729 excreant:
934 2692 1348 2732 anvss'rm'rss.
1415 2677 1551 2730 Vitae
1602 2675 1920 2748 Onuphrii,

256 2779 387 2834 cap.
422 2764 488 2818 8:
527 2787 555 2813 «
587 2763 867 2821 Osculum
894 2765 1036 2819 mihi
1071 2765 1230 2836 pacis
1273 2765 1500 2821 tribuit.
1537 2787 1564 2814 »
1600 2766 1730 2820 Vita
1754 2764 1918 2820 Pauli

256 2852 439 2924 primi
471 2855 748 2916 eremitaa,
783 2854 973 2924 capite
1001 2854 1034 2905 8
1070 2875 1097 2902 «
1132 2857 1196 2907 Et
1245 2859 1377 2924 post
1427 2858 1699 2909 sanetum
1749 2871 1918 2910 oscu-

265 2940 420 2997 lum.
446 2964 474 2990 ιι
498 2941 1028 3008 Ammianus,libro
1050 2943 1276 3012 xxn,De
1304 2943 1538 2998 Juliano
1572 2944 1738 3014 imp.:
1766 2945 1916 2999 »Os-

255 3032 392 3086 culo
417 3037 759 3104 susceptum
785 3036 1067 3087 rectorem
1093 3032 1391 3104 provincia
1412 3033 1918 3101 nomineCelsum,

251 3120 384 3190 jam
419 3119 556 3176 inde
581 3137 614 3174 a
645 3121 857 3177 studiis
889 3121 1190 3193 cognitum
1213 3121 1442 3189 Atticis,
1468 3122 1841 3192 aseitumque
1860 3122 1918 3177 in

256 3224 606 3264 consessum
633 3209 885 3265 vehiculi
909 3211 1159 3266 'l‘arsum
1183 3227 1380 3266 secum
1407 3211 1657 3266 induxit.
1687 3235 1706 3263 ι
1736 3211 1918 3278 Idem,

251 3297 410 3353 libro
441 3316 614 3354 χχῐχε
647 3321 677 3349 α
699 3304 1132 3371 Susceptusque
1165 3317 1296 3356 cum
1349 3300 1549 3356 osculo
1593 3302 1858 3372 (Maurus
1887 3317 1921 3355 a
1953 3305 1994 3374 C

254 3386 589 3443 Theodosio
612 3388 783 3459 duce)
814 3389 1090 3458 quoniam
1113 3388 1171 3442 id
1199 3389 1510 3460 republieae
1534 3391 1918 3454 conducebat,

259 3476 431 3532 bonae
459 3477 585 3548 spei
611 3479 738 3548 jam
765 3477 993 3548 plenus,
1021 3478 1381 3535 sufficientia
1402 3481 1651 3552 praabuit
1673 3480 1920 3535 alimen-

257 3569 376 3620 ta.»
411 3564 749 3631 Idcm,libro
771 3583 885 3622 xxxi
916 3583 927 3620 :
954 3589 982 3616 «
1005 3566 1417 3622 Exosculatum
1459 3573 1921 3639 susceptumque

255 3653 613 3720 (Maximum
641 3653 1082 3727 philosophum)
1108 3661 1438 3712 reverenter
1468 3673 1666 3713 secum
1691 3653 1921 3712 induxit

248 3742 549 3815 (Julianus
570 3743 765 3816 imp.).
792 3766 820 3794 »
838 3744 932 3799 Sic
963 3745 1104 3800 olim
1135 3745 1191 3800 in
1218 3745 1465 3802 ecclesia
1485 3746 1798 3804 Christiani
1823 3763 1917 3802 os-

255 3832 393 3888 culo
423 3836 629 3888 sancto
656 3850 719 3889 se
750 3833 1138 3906 excipiebant.
1172 3835 1311 3892 Vide
1343 3836 1684 3906 Baronium,
1707 3841 1866 3892 temo
1893 3836 1914 3891 Ι

235 3920 598 3976 Annalium.

316 4011 608 4067 Oscumar
633 4028 853 4068 manus.
879 4012 1011 4069 Vita
1034 4013 1373 4083 Hilarionis,
1407 4033 1569 4072 num.
1598 4017 1661 4072 14
1687 4033 1700 4072 :
1729 4017 1913 4072 «San-

239 4101 324 4157 cti
345 4100 673 4156 deosculati
698 4106 838 4157 sunt
856 4118 1124 4159 manus.»
1144 4103 1416 4160 Solemne
1435 4109 1630 4161 autem
1656 4105 1766 4160 fuit
1784 4105 1911 4177 epi-

238 4206 562 4262 scoporum
591 4189 841 4248 maxime
863 4209 1078 4249 manus
1098 4195 1444 4250 exosculari.
1464 4194 1910 4262 Ambrosius,De

235 4278 455 4348 dignit.
481 4279 792 4348 sacerdot.,
819 4282 1008 4352 capite
1028 4284 1098 4337 2:
1124 4305 1151 4332 «
1185 4283 1410 4354 Quippe
1442 4300 1576 4338 cum
1597 4284 1797 4339 videas
1820 4298 1911 4338 re-

237 4382 381 4440 gum
413 4367 565 4424 colla
594 4374 650 4425 et
682 4369 1013 4442 principum
1042 4372 1304 4427 submitti
1338 4372 1586 4444 genibus
1615 4373 1908 4443 {sacerdo-

237 4460 397 4526 tum,
427 4461 483 4511 et
513 4457 849 4514 exosculata
880 4474 1081 4515 eorum
1117 4460 1371 4527 dextera,
1406 4478 1468 4517 se
1489 4463 1731 4517 credant
1751 4479 1906 4517 com-

239 4543 487 4600 muniri.
523 4565 550 4599 ι
608 4547 722 4614 Ivo,
765 4551 915 4619 part.
957 4565 1013 4619 v,
1067 4566 1192 4621 cap.
1225 4550 1350 4617 378,
1385 4551 1496 4608 hoc
1543 4567 1612 4606 ex
1658 4550 1907 4623 epistola

241 4633 489 4705 Gregori
517 4634 641 4705 VII,
673 4637 745 4692 ad
777 4637 1205 4695 Herimannum
1244 4645 1457 4697 Meten.
1501 4640 1708 4713 episc.,
1744 4641 1903 4696 citat.

257 4722 580 4796 Gregorius
598 4725 840 4796 Turon.,
864 4727 1081 4783 Hister.
1106 4727 1208 4783 lib.
1231 4746 1290 4799 ιι,
1314 4746 1442 4802 cap.
1469 4731 1490 4784 1
1521 4747 1534 4785 :
1571 4750 1600 4784 ‹‹
1631 4730 1745 4786 Nec
1767 4730 1919 4785 Deus

254 4829 368 4872 nos
383 4814 611 4871 diutius
627 4816 994 4872 sinitmanus
1013 4824 1146 4875 tuas
1163 4819 1438 4893 indignas
1463 4820 1785 4877 osculando
1807 4820 1924 4892 pol-

249 4902 360 4958 lui.
397 4928 425 4953 »
458 4906 586 4961 Vita
618 4904 906 4975 Fulgentii
942 4907 1291 4980 Ruspensis,
1317 4911 1507 4982 capite
1537 4912 1569 4966 4
1595 4928 1607 4966 :
1634 4933 1662 4961 «
1687 4911 1770 4964 Ad
1798 4910 1917 4966 hinc

241 4992 600 5064 illejuvenis
630 4995 821 5066 magis
843 5011 909 5051 ac
936 4997 1124 5068 magis
1147 4998 1919 5071 inﬂammatus,repellentis

247 5097 495 5138 manum
539 5083 892 5155 suppliciter
921 5084 1300 5156 osculatus,»
1333 5093 1438 5144 etc.
1475 5088 1674 5145 Fausti
1701 5088 1923 5144 scilicet

239 5170 529 5245 episcopi.
571 5173 873 5244 Sidonius,
926 5174 1076 5231 libro
1132 5194 1233 5241 vu,
1268 5179 1444 5250 epist.
1500 5181 1556 5246 2,
1603 5180 1672 5234 ad
1703 5195 1915 5250 papam

241 5261 716 5334 Graecum,vocat
742 5265 871 5335 ejus
895 5273 1309 5325 sacrosanctos
1333 5269 1548 5340 digitos
1575 5287 1637 5325 :«
1664 5274 1799 5336 Quae
1824 5290 1918 5328 sa-

241 5355 573 5409 crosanctis
605 5353 1032 5410 reserabuntur
1064 5357 1290 5429 digitis.
1327 5383 1346 5408 »
1384 5360 1566 5429 Idem,
1614 5360 1762 5418 libro
1794 5380 1914 5433 vm,

243 5440 428 5511 epist.
462 5443 547 5512 11,
581 5442 653 5498 ad
682 5443 949 5514 Lupum:

409 5566 673 5636 Pergami
710 5565 898 5636 Limina
928 5582 1050 5636 mox
1083 5570 1458 5636 episcoporum

409 5629 591 5680 Sancti
622 5635 674 5680 et
705 5629 955 5680 Gallicini
991 5629 1155 5684 manu
1185 5629 1444 5688 osculata.

247 5745 395 5802 Erat
431 5745 521 5802 hic
553 5747 870 5820 episcopus
900 5749 1374 5824 Burdegalensis.

2036 2073 2221 2128 seero,
2275 2060 2352 2114 mi
2405 2061 2658 2118 domine.
2694 2082 2719 2108 »
2744 2061 2812 2114 Et
2857 2075 2983 2130 cap.
3035 2061 3088 2126 8,
3140 2060 3210 2112 de
3246 2075 3443 2112 verme
3491 2057 3590 2127 qui
3623 2072 3690 2109 ex

2034 2163 2271 2218 corpore
2292 2151 2418 2221 ejus
2449 2151 2733 2206 ceciderat
2761 2167 2774 2206 :
2815 2169 2835 2198 ι
2861 2153 3107 2204 Currens
3140 2147 3529 2220 apprehendit
3556 2161 3688 2200 eum

2035 2237 2094 2290 in
2131 2239 2264 2305 ﬁde,
2297 2245 2354 2294 et
2388 2241 2582 2308 posuit
2614 2255 2793 2310 super
2824 2239 3023 2294 oculos
3047 2254 3208 2293 suos.
3247 2259 3270 2288 ο

2106 2327 2294 2383 Etiam
2327 2329 2466 2382 olim
2500 2330 2652 2400 apud
2677 2333 2881 2400 gentes
2903 2327 3103 2382 oculos
3135 2325 3690 2381 osculabantur.“-

2034 2413 2257 2481 rianus,
2307 2418 2802 2473 Dissertationum
2851 2417 2952 2471 lib.
3007 2433 3068 2481 ιι,
3105 2431 3233 2486 cap.
3287 2416 3392 2469 20:
3429 2410 3686 2481 Ἠξίωται

2035 2497 2392 2578 δημαρχίας;
2428 2504 2620 2564 πάντες
2651 2503 2702 2557 οἱ
2746 2504 3085 2564 ἀπαντῶντες
3131 2497 3471 2570 συνήδονται,
3516 2495 3688 2558 ἄλλος

2030 2591 2159 2654 τοὺς
2183 2593 2500 2667 ὀφθαλμοὺς
2519 2591 2827 2671 καταφιλεῖ,
2861 2591 3030 2653 ἀλλος
3050 2592 3141 2646 τὸν
3155 2588 3466 2666 τράχηλον,
3487 2589 3538 2642 ot
3561 2585 3686 2678 805-:

2034 2679 2120 2736 λοι
2142 2683 2238 2746 τὰς
2261 2689 2452 2759 χεῖρας
2476 2701 2487 2741 :
2510 2706 2534 2737 ι
2554 2686 2943 2740 Tribunatum
2973 2684 3220 2753 adeptus
3244 2685 3333 2736 est
3349 2680 3511 2734 ‘Iecce
3529 2679 3684 2733 obvil

2032 2790 2237 2830 omnes
2260 2775 2654 2846 gratulantur,
2685 2774 2836 2830 alius
2859 2773 3061 2829 oculos
3080 2769 3554 2840 osculatur,alius
3575 2766 3686 2823 col-

2030 2855 2175 2936 lum,
2209 2866 2359 2921 servi
2395 2882 2623 2921 manus.
2662 2888 2688 2914 »
2722 2865 3030 2930 Homerus,
3063 2862 3269 2931 Odyss.
3302 2876 3432 2914 xvx:

2103 2972 2281 3027 Κῦσσε
2313 2970 2369 3026 δέ
2404 2993 2494 3043 μιν
2523 2970 2766 3048 κεφαλήν
2798 2991 2856 3025 τι
2886 2968 2977 3024 καὶ
3009 2965 3175 3046 ἄμφω
3207 2968 3340 3045 φάεα
3371 2963 3550 3021 καλάς

2091 3064 2154 3112 Et
2181 3064 2341 3126 capiti
2374 3063 2719 3126 pulchrisque
2751 3063 2917 3112 oculis
2943 3062 3114 3126 junge
3146 3059 3328 3109 oscula
3358 3055 3518 3106 binis.

2102 3167 2456 3219 OXYCRATUM.
2489 3163 2800 3229 Palladius,
2834 3161 3102 3216 Historia:
3153 3158 3447 3213 Lausiaca
3499 3155 3686 3225 capite

2035 3253 2136 3306 145
2161 3270 2174 3308 :
2203 3274 2229 3301 ‹‹
2255 3253 2425 3309 Omni
2451 3257 2645 3307 autem
2669 3251 2782 3306 alio
2808 3257 3069 3320 tempore
3092 3253 3368 3304 contenta
3400 3250 3523 3300 erat
3545 3260 3686 3316 oxy-

2038 3346 2197 3398 erato
2218 3348 2274 3397 et
2297 3359 2443 3413 pane
2465 3341 2646 3397 arido.
2679 3363 2705 3389 »
2739 3341 2901 3405 Quod
2929 3337 3250 3394 Heraclidis
3274 3337 3686 3405 interpres,ea-

2039 3433 2159 3507 pite
2185 3434 2271 3502 42,
2294 3433 2500 3488 vertit:
2533 3453 2552 3478 ι
2581 3431 2687 3485 Per
2708 3429 3000 3500 reliquum
3017 3429 3113 3482 aevi
3142 3426 3232 3482 sui
3258 3431 3492 3496 tempus
3511 3438 3690 3493 posca

2037 3528 2092 3578 et
2123 3523 2243 3577 sieo
2276 3539 2424 3593 pane
2468 3523 2744 3574 contenta
2777 3519 3027 3574 vivebat.
3057 3539 3085 3566 »
3145 3515 3271 3572 Vide
3300 3514 3452 3569 infra
3483 3517 3686 3566 Poscit.

2109 3611 2492 3666 Oxvavscsus
2519 3625 2859 3663 cuamcran.
2890 3602 3518 3676 Palladius,cap.86,de
3545 3601 3688 3656 Eva-

2033 3699 2160 3772 grio
2191 3697 2401 3753 celebri
2427 3696 2705 3750 diacono:
2743 3717 2771 3743 ‹‹
2801 3695 3070 3749 Ecribens
3102 3692 3408 3748 annuatim
3433 3689 3685 3759 pretium

2033 3789 2224 3844 solum
2256 3803 2457 3843 eorum
2479 3801 2602 3855 quae
2634 3784 2975 3838 comedebat
3001 3782 3330 3853 ;eleganter
3362 3779 3517 3833 enim
3548 3776 3687 3831 scri-

2031 3879 2206 3933 bebat
2227 3876 2471 3933 celerem
2498 3873 2952 3929 characterem.»
2979 3871 3172 3926 Graece
3195 3873 3302 3924 est:
3332 3866 3557 3942 Εὐφυῶς
3581 3862 3684 3936 γὰρ

2029 3964 2256 4042 ἔγραφεν
2306 3965 2397 4018 τὸν
2424 3961 2737 4037 ξὸξῦρυγχον
2790 3966 3131 4036 χαρακτῆρα.
3186 3955 3559 4042 Heraclides,
3599 3967 3688 4042 ca-

2027 4041 2145 4129 pite
2174 4041 2264 4123 25,
2300 4057 2370 4111 de
2400 4057 2602 4112 eodem
2644 4070 2845 4126 agens,
2880 4049 3132 4107 servavit
3180 4048 3444 4102 Graecum
3477 4041 3682 4097 I045

2023 4147 2725 4202 vocabulum.«Similiter
2748 4144 2920 4200 etia'n
2938 4140 3098 4194 illam
3115 4135 3409 4193 scribebat
3424 4147 3686 4188 manum.

2024 4253 2201 4308 quam
2237 4237 2641 4308 Oxyryneham
2674 4239 2883 4291 vocant
2932 4229 3132 4286 Graeci.
3171 4251 3191 4276 1
3219 4229 3401 4280 Vetus
3449 4220 3688 4279 Palladii

2025 4327 2318 4397 interpres
2360 4327 2620 4382 libralem
2645 4325 2816 4379 vertit
2848 4338 2975 4392 cap.
3014 4320 3118 4373 15:
3157 4338 3181 4368 α
3242 4313 3496 4370 Pulchre
3528 4310 3686 4366 enim

2021 4415 2317 4471 scribebat
2348 4415 2614 4471 libralem
2645 4429 2910 4469 manum.
2940 4408 3095 4463 nNon
3120 4403 3387 4462 existimo
3415 4417 3516 4474 per
3538 4400 3688 4469 Oxy-

2019 4505 2294 4576 ryncham
2325 4523 2554 4561 manum
2587 4502 2836 4575 intelligi
2865 4515 3101 4556 manum
3146 4495 3485 4563 celerem,ut
3507 4488 3681 4545 vertit

2020 4596 2325 4662 Hcrvetus,
2350 4598 2443 4651 cui
2469 4613 2581 4650 non
2606 4599 2773 4650 tanta
2794 4590 3076 4646 tribuitur
3117 4583 3426 4656 elegantia,
3456 4579 3556 4634 sed
3580 4595 3689 4648 po-

1949 4673 1996 4740 D
2030 4685 2449 4742 tiusinsinuari
2472 4685 2867 4741 characterem
2892 4680 3222 4736 Romanum
3246 4690 3347 4730 seu
3369 4669 3690 4726 rotundum

2028 4774 2114 4830 vel
2151 4774 2410 4829 Italicum
2444 4791 2546 4829 seu
2570 4768 3062 4829 cursivum.Certe
3093 4767 3268 4820 acuto
3287 4765 3475 4815 rostro
3499 4757 3546 4811 si
3567 4754 3685 4809 vim

2027 4865 2185 4920 vocis
2239 4862 2564 4935 Oxyrynchi
2620 4865 2869 4934 spectes,
2919 4861 3008 4913 est
3064 4854 3369 4909 character
3427 4845 3686 4901 Italicus.

2031 4957 2210 5021 Quem
2246 4954 2294 5009 si
2327 4952 2572 5010 celerem
2625 4950 2757 5022 quis
2807 4944 3124 5003 contendat
3155 4937 3434 5012 appellari
3482 4948 3677 5004 posse,

2029 5046 2185 5116 quod
2216 5044 2434 5100 cursim
2465 5039 2938 5108 scribatur,unde
2961 5032 3176 5092 cursivi
3197 5043 3408 5086 nomen
3441 5023 3686 5091 obtinet,

2031 5152 2146 5191 non
2183 5150 2535 5205 magnopere
2577 5149 2650 5204 pu
2662 5147 2732 5202 gn
2743 5145 2931 5184 avero.

2099 5202 2373 5295 Duplices
2403 5202 2543 5278 olim
2574 5202 2908 5290 scriptores,
2939 5212 3308 5287 ταχυγράφοι,
3341 5205 3438 5278 qui
3474 5207 3529 5295 et
3564 5202 3688 5295 62o-

2024 5293 2223 5389 '{pa't'pot
2260 5313 2398 5367 dicti
2433 5309 2684 5377 Philoni,
2732 5313 2804 5361 De
2837 5309 3012 5361 creat.
3039 5301 3255 5389 Prine.,
3286 5296 3385 5389 qui
3415 5293 3502 5350 vel
3533 5294 3688 5389 notis

2025 5384 2113 5458 vel
2146 5384 2358 5457 litteris
2377 5399 2629 5471 singulis
2647 5413 2750 5468 per
2789 5391 3135 5465 compendia
3166 5387 3240 5448 εἷς
3271 5385 3466 5459 τάχος,
3499 5384 3689 5471 celeri}

2026 5501 2126 5559 ter,
2177 5493 2352 5547 verba
2403 5470 2775 5558 excipiebant
2822 5488 2879 5539 et
2907 5481 3229 5548 notabant;
3283 5475 3440 5531 unde
3481 5470 3689 5527 notarii

2026 5582 2277 5637 dicti.De
2300 5579 2518 5654 quibus
2540 5577 2670 5631 vide
2695 5573 2873 5644 Lipsii
2907 5576 2928 5627 1
2959 5570 3284 5628 centuriam
3305 5562 3684 5654 epistolarum

2026 5673 2097 5727 ad
2119 5653 2702 5744 Belgas,epist.27,ad
2715 5663 3081 5720 Leonardum
3107 5665 3377 5716 nostrum
3397 5653 3680 5744 Lessi‘um,

2024 5761 2136 5819 Alii
2159 5741 2327 5820 erant
2345 5741 2878 5832 κᾶλλιογραφοι,ςυὶ
2910 5750 2985 5815 εἷς
3011 5748 3301 5822 κάλλος,ιιι
3330 5741 3652 5816 elegantiam
3670 5776 3684 5798 .
