4186 6326
447 366 553 420 479

1169 365 1681 423 ououasrrcou
1720 362 1981 418 nanum
2015 362 2109 415 nr
2144 334 2547 413 VERBQRUM
2584 356 3150 413 nirrrmuoaou.

3758 348 3867 406 480

444 489 798 569 itaceleriter
812 488 1509 560 exceptaredigebant.De
1526 487 1741 559 quibus
1758 484 1887 539 vide
1902 498 2101 554 supra,
2137 480 2190 547 Α
2221 491 2306 551 ut,
2336 488 2686 560 Symmacho
2720 491 2965 560 papm,et
2986 485 3224 543 domino
3244 500 3405 556 papas
3431 501 3445 551 ;
3479 482 3602 539 sive
3632 498 3767 538 cum
3792 481 3864 537 de

446 580 506 633 in
540 581 955 640 AN'riomaws.
993 577 1385 648 Utrorumque
1418 574 1683 631 meminit
1714 573 2104 629 Philostratus

445 666 910 739 Apollonio,lib.1
939 684 951 733 ;
988 663 1267 737 Ἐξέλαυνε
1287 664 1751 739 τῆρ’,ἱντιοχείας
1790 661 1922 735 μετὰ
1953 658 2101 714 δυοῖν

448 756 767 829 θεράποιν,ὁ
790 756 884 825 μὲν
910 753 960 816 ἐς
993 754 1161 829 τάχος
1185 756 1431 832 γράφων,
1457 756 1483 808 ὁ
1508 752 1565 808 δὲ
1597 753 1647 815 ἒς
1681 751 1906 812 κάλλος.
1936 777 1941 801 :
1982 752 2106 822 Eic-

451 845 529 899 cit
560 862 628 899 ex
658 844 965 900 Antiochia
995 862 1126 900 cum
1160 846 1391 901 duobus
1425 845 1626 913 servis,
1675 860 1924 916 quorum
1960 840 2107 897 alter

452 934 895 1000 notarius,alter
916 934 1308 1005 antiquarius.
1336 957 1361 985 ››
1387 933 1973 999 Eusebius,Historiae
1999 931 2106 986 Ec-

450 1019 788 1077 clesiasticaz
815 1021 916 1077 lib.
952 1042 1026 1089 vr,
1060 1040 1187 1095 cap.
1211 1026 1299 1087 21,
1334 1025 1403 1079 de
1435 1024 1680 1095 Origene
1707 1041 1719 1078 :
1752 1019 2104 1094 Ταχυγράφοι

454 1105 511 1162 δὲ
542 1109 644 1184 γὰρ
679 1109 825 1182 αὐτῷ
851 1110 1078 1173 πλείους
1110 1111 1145 1179 ἢ
1198 1111 1332 1166 ἑπτὰ
1366 1112 1457 1166 τὸν
1492 1111 1719 1186 ἀριθμὸν
1752 1116 1997 1184 παρῆσαν
2028 1110 2107 1177 τῷ

455 1197 842 1274 ὑπαγορεύοντι
858 1201 1086 1275 χρόνοις
1100 1203 1445 1276 τεταγμένοις
1465 1193 2104 1271 ἀλλήλουςᾶμείϐοντες.

456 1282 919 1364 βιϐλιογράφοιτε
942 1290 1052 1364 οὐχ
1082 1288 1278 1358 ἥττους
1312 1290 1425 1363 ἅμα
1455 1289 1543 1343 καὶ
1574 1288 1763 1363 κόραις
1793 1286 1878 1341 ἐπὶ
1909 1283 2105 1340 καλλι-

450 1382 674 1451 γραφεῖν
706 1378 1068 1450 ἡσκημὲναις.
1104 1403 1130 1430 ‹‹
1164 1381 1365 1436 Plures
1396 1398 1572 1452 quam
1622 1385 1847 1451 septem
1893 1369 2106 1434 notarii

453 1467 623 1521 statis
641 1470 1168 1539 temporibusvices
1182 1488 1321 1526 suas
1336 1471 1692 1525 alternantes
1707 1468 1949 1524 dictanti
1968 1469 2106 1523 adc—

452 1559 618 1609 rant:
655 1574 758 1611 nec
792 1559 1095 1628 pauciores
1118 1558 1336 1613 librarii
1372 1576 1437 1615 ac
1469 1558 1677 1629 puellae
1709 1560 1777 1611 ad
1813 1557 2109 1628 eleganter

450 1644 827 1700 scribendum
854 1648 1213 1702 exercitati.»
1250 1649 1406 1703 Idem
1444 1648 1623 1702 habes
1657 1649 1809 1719 apud
1838 1648 2105 1701 Suidam.

454 1732 866 1807 Hieronymus,
898 1743 977 1792 De
1006 1738 1397 1809 Scriptoribus
1447 1737 1879 1805 ecclesiasticis,
1930 1754 1980 1791 c.
2012 1738 2103 1803 51,

2217 577 2314 633 illo
2346 579 2500 648 apud
2535 578 2680 634 alios
2712 578 2851 649 agit,
2881 581 2944 632 ut
2970 576 3068 630 lib.
3100 593 3187 639 ιιι,
3220 574 3391 647 epist.
3430 574 3533 642 10;
3576 589 3655 641 v1,
3689 571 3865 643 epist.

2213 668 2303 732 33,
2319 674 2375 721 et
2396 667 2639 739 passim.
2655 667 2785 721 Pari
2809 670 2939 737 post
2954 665 3280 720 Ennodium
3305 661 3646 718 discrimine
3662 660 3718 715 in
3735 662 3868 730 ejus

2213 755 2370 809 vocis
2405 755 2784 828 usurpatione
2843 771 2986 810 usus
3017 758 3107 810 est
3147 753 3554 818 Cassiodorus,
3589 751 3688 823 qui
3723 766 3863 804 cum

2214 844 2598 915 Bonifacium,
2625 847 2973 916 Agapetum,
3010 848 3067 898 et
3093 843 3379 898 Joannem
3406 841 3677 896 Romanas
3707 839 3869 894 sedis

2215 933 2517 1003 pontifices
2534 950 2713 1006 papas
2732 933 3011 1000 nominet,
3033 933 3407 1004 Eustorgium
3426 935 3486 986 et
3502 930 3729 986 Datium
3744 929 3870 986 Me-

2216 1022 2596 1091 diolanensis,
2614 1023 2829 1079 etalios
2849 1022 3098 1078 aliarum
3113 1022 3414 1077 civitatum
3438 1020 3870 1092 praesules,non

2215 1112 2385 1167 aliter
2424 1129 2599 1183 quam
2631 1114 2935 1184 episcopos
2965 1116 3151 1168 vocat.
3193 1116 3389 1182 Neque
3420 1126 3625 1167 omnes
3664 1113 3871 1164 tamen

2216 1202 2325 1257 hoc
2339 1201 2477 1257 item
2496 1202 2825 1273 exemplum
2839 1201 3024 1257 secuti
3045 1205 3204 1267 sunt,
3221 1201 3363 1273 quin
3385 1198 3663 1272 permulti
3677 1198 3873 1254 diver-

2216 1309 2414 1347 sarum
2441 1292 2726 1365 gentium,
2744 1292 3067 1363 praesertim
3091 1296 3252 1346 extra
3274 1290 3502 1346 Italiam
3526 1288 3870 1360 scriptores,

2218 1398 2378 1453 papa
2395 1398 2605 1436 nomen
2622 1381 2863 1452 reliquis
2878 1380 3015 1436 item
3032 1380 3322 1451 episcopis
3335 1379 3873 1449 tribuerint,usque

2216 1470 2285 1523 ad
2328 1474 2588 1541 tempora
2628 1470 2866 1542 Gregori
2909 1467 3019 1535 VlI,
3064 1469 3165 1539 qui
3223 1468 3281 1523 in
3324 1468 3545 1540 synodo
3602 1471 3872 1522 Romana

2218 1558 2465 1630 primus,
2520 1565 2582 1614 ut
2631 1577 2664 1614 a
2709 1558 2951 1614 Baronio
2994 1556 3290 1613 cardinale
3338 1558 3709 1613 observatum
3751 1560 3867 1622 est,

2216 1649 2415 1714 edixit,
2450 1654 2513 1704 ut
2535 1666 2694 1721 papae
2718 1664 2928 1704 nomen
2950 1648 3127 1702 unius
3160 1647 3237 1702 sit
3258 1648 3316 1701 in
3348 1648 3488 1702 orbe
3533 1646 3865 1702 Christano.

2288 1760 2536 1811 Passus.
2581 1754 2935 1824 Heraclides,
2976 1771 3103 1826 cap.
3144 1754 3248 1809 50:
3295 1777 3323 1803 «
3363 1757 3585 1810 Horum
3626 1769 3868 1825 parens,

452 1822 510 1921 lu
536 1824 839 1926 Ηίρρίξιῖίο
866 1843 878 1880 ³
909 1829 1305 1926 Ἀωδτοξίυβ
1329 1829 1668 1926 οοδοτξξιίυε
1688 1828 2102 1926 θείονξὲθηθηξ
2134 1861 2181 1924 Β
2218 1846 2629 1902 Pammachius
2672 1822 2930 1911 nomine,
2973 1822 3065 1898 vir
3104 1842 3561 1915 proconsularis,
3609 1822 3643 1891 ιγ
3676 1842 3732 1896 id
3775 1846 3874 1898 est

452 1911 511 1966 in
544 1914 868 1986 scripturas
900 1919 1356 1974 commentarios
1414 1919 1689 1983 scribere,
1754 1918 2019 1987 praebens
2050 1917 2103 1971 ei

452 2006 673 2072 septem
707 2011 766 2060 et
794 2023 860 2061 eo
893 2007 1148 2079 amplius
1173 2009 1429 2064 notarios
1452 2023 1772 2079 eorumque
1795 2024 2103 2079 expensas,

450 2096 508 2145 et
537 2091 912 2151 librariorum
947 2113 1146 2167 parem
1179 2115 1514 2153 numerum.
1552 2118 1576 2148 ››

522 2191 667 2246 Cum
701 2192 877 2263 igitur
919 2195 1203 2269 Evagrius
1236 2202 1433 2253 noster
1465 2198 1646 2269 pretio
1676 2196 1999 2269 scripserit,
2044 2200 2109 2251 ut

451 2279 632 2337 libros
663 2282 1018 2351 divenderet,
1060 2289 1294 2343 videtur
1316 2285 1693 2362 καλλιγράφος
1724 2287 1924 2343 fuisse.
1962 2286 2107 2342 Hinc

451 2369 678 2425 librarii
711 2372 885 2428 etiam
912 2374 1244 2448 bibliopola
1278 2378 1441 2433 dicti.
1475 2381 1766 2448 Interpres
1798 2376 2106 2445 Horatii,in

451 2460 608 2524 Arte,
640 2477 708 2516 ex
738 2462 1017 2520 Suetonio
1047 2466 1388 2537 Tranquillo
1415 2483 1427 2521 :
1461 2489 1490 2517 «
1512 2468 1782 2538 Scriptor,
1812 2466 2106 2535 librarius,

452 2549 775 2620 bibliOpola.
813 2576 833 2602 ι

524 2647 761 2719 Mirum,
795 2668 1008 2721 pueros
1048 2654 1227 2710 etiarn
1261 2656 1730 2726 compendiarias
1776 2655 1906 2710 illas
1937 2660 2107 2712 notas

450 2735 746 2807 didicisse,
780 2743 935 2797 unde
955 2742 1313 2800 Athanasius
1336 2762 1481 2817 puer
1501 2745 1787 2802 notarioet
1807 2746 2111 2802 Gramma-

450 2825 563 2881 tico
584 2828 837 2884 traditus
857 2830 1072 2887 dicitur
1102 2834 1255 2904 apud
1286 2834 1588 2889 Moschum
1612 2834 1764 2889 Prati
1783 2835 2107 2906 spiritualis

455 2931 506 2970 c.
543 2916 664 2982 197,
696 2919 853 2988 quod
887 2921 1061 2977 etiam
1106 2922 1328 2978 clarum
1360 2941 1429 2979 ex
1478 2924 1774 2980 Prudentii
1827 2924 2045 2997 hymno
2074 2926 2109 2979 9

455 3000 579 3075 περὶ
612 3003 909 3081 στεφάνων,
944 3008 1001 3063 in
1034 3010 1332 3068 Cassiano.

528 3117 711 3171 PANIS,
745 3104 1062 3176 Palladius,
1110 3126 1215 3181 cap
1246 3111 1341 3165 2.:
1377 3134 1405 3161 «
1453 3112 1609 3167 Adeo
1653 3116 1719 3168 ut
1742 3128 1894 3183 saepe
1938 3112 2107 3184 panis

456 3208 688 3297 quoque
719 3212 786 3251 ex
803 3199 1049 3297 ejus-ore
1072 3201 1415 3256 excideret.»
1450 3203 1643 3257 Graece
1664 3202 1757 3257 hic
1780 3208 1868 3257 est
1889 3201 2105 3274 ψωμὸς,
2138 3229 2181 3297 C

454 3284 605 3355 quod
637 3287 1227 3361 frustumlsignificat;
1265 3290 1393 3345 ideo
1418 3295 1666 3347 verterat
1697 3291 1981 3347 Hervetus
2004 3309 2017 3358 ;
2043 3286 2109 3346 ut

453 3390 607 3446 saepe
632 3376 916 3433 frustrum
942 3394 1009 3433 ex
1030 3380 1158 3449 ejus
1182 3396 1278 3436 ore
1298 3380 1587 3436 excideret
1610 3400 1659 3435 :«
1686 3382 1793 3437 Sed
1824 3382 2107 3455 posterio-

456 3466 536 3520 ris
567 3465 670 3520 δενί
732 3471 1001 3524 auctores
1056 3468 1236 3524 Graeci
1264 3469 1457 3541 ψωμὸν
1492 3470 1858 3541 peculiariter
1911 3490 2109 3544 panem

456 3554 909 3625 appellarunt,et
929 3557 1129 3628 ψωμήν
1156 3559 1275 3615 sive
1297 3558 1450 3630 ψωμὶ
1485 3565 1547 3615 ut
1572 3560 1630 3615 in
1654 3561 1945 3617 Glossario
1969 3580 2109 3634 quo-

458 3659 571 3714 que
604 3643 892 3700 Meursius
925 3647 1217 3705 admonet.
1251 3647 1620 3706 Heraclides:
1655 3673 1683 3700 «
1718 3651 2010 3723 Panisque
2040 3667 2109 3706 ex

461 3732 646 3804 ipsius
670 3733 842 3789 labiis
865 3735 983 3791 oris
1006 3737 1262 3793 cadebat.
1286 3759 1308 3787 υ
1338 3740 1603 3811 Itemque
1626 3739 1771 3796 alter
1792 3740 2104 3812 interpres:

458 3845 487 3871 «
522 3823 609 3878 Ita
639 3825 1051 3896 utfrequenter
1067 3827 1231 3899 panis
1245 3828 1478 3884 caderet
1494 3830 1562 3883 de
1578 3846 1674 3885 ore
1693 3831 1841 3901 ejus.
1859 3852 1887 3880 ››
1910 3831 2003 3886 Sic
2022 3830 2109 3884 in-

460 3911 683 3979 fra,c.5
706 3931 765 3969 :«
789 3915 986 3971 cibum
1003 3918 1171 3988 panis
1202 3917 1388 3989 capio,
1408 3941 1429 3970 ι
1459 3915 1623 3971 ἐσθίω
1649 3938 1753 3989 μου
1770 3918 1860 3971 τὸν
1893 3916 2105 3991 ψωμόν.

458 4002 708 4059 Faouro.

533 4092 703 4148 PAPA.
736 4092 872 4150 Vita
921 4094 1135 4150 Malchi
1192 4113 1347 4151 num.
1379 4098 1413 4151 2
1447 4113 1461 4151 :
1499 4118 1526 4151 ι
1550 4098 1627 4151 Ad
1664 4114 1828 4169 papae
1858 4096 2107 4170 Evagrii,

459 4183 775 4238 necessarii
830 4185 968 4254 mei,
1005 4186 1430 4258 possessionem
1491 4187 1798 4243 devolutus
1829 4192 1937 4244 est.
1967 4210 1993 4237 »
2028 4190 2113 4242 lta

461 4271 792 4342 Hieronymi
824 4276 1087 4344 tempore
1128 4275 1302 4330 etiam
1336 4275 1589 4348 episcopi
1622 4276 1761 4333 olim
1793 4277 2000 4333 vocati.
2037 4278 2112 4331 De

465 4376 581 4431 quo
632 4360 760 4414 vide
784 4363 1152 4418 Franciscum
1173 4365 1597 4421 Bernardinum
1626 4366 1973 4434 Ferrarium,
2007 4365 2109 4423 lib.

466 4465 531 4504 ιιι
580 4448 661 4503 De
681 4448 886 4505 eccles.
915 4451 1086 4522 epist.
1120 4469 1349 4523 genere,
1381 4471 1486 4527 cap
1524 4457 1549 4509 1
1578 4457 1981 4523 :Savaronem,
2016 4458 2110 4511 ad.

467 4538 694 4594 Sidonii
724 4538 886 4605 1ib.1,
918 4540 1089 4612 epist.
1122 4544 1175 4596 6.
1210 4543 1435 4613 Postea,
1478 4546 1735 4615 Gregorii
1787 4546 1965 4617 hujus
2005 4564 2114 4601 no-

468 4626 646 4682 minis
667 4628 910 4699 Septimi
934 4633 1214 4702 tempore,
1240 4631 1479 4688 collecta
1504 4633 1699 4689 Romae
1718 4635 1956 4706 synodo,
1982 4651 2113 4690 con-

465 4718 837 4786 stitutum,ut
870 4736 1030 4792 papae
1064 4738 1274 4777 nomen
1302 4723 1401 4777 uni
1437 4723 1695 4779 Romano
1723 4723 1981 4795 pontifici
2014 4723 2116 4778 tri-

464 4808 762 4864 bueretur.
791 4809 936 4865 Vide
970 4811 1302 4881 Baronium,
1329 4813 1625 4869 notatione
1656 4814 1727 4869 ad
1751 4813 1907 4869 diem
1942 4815 2115 4868 101a-

464 4898 655 4954 nuarii
688 4897 746 4954 In
776 4901 1203 4975 Martyrologio.

533 5004 614 5056 De
635 4998 743 5054 hac
760 4999 961 5054 eadem
986 5000 1170 5071 regita
1192 5005 1355 5057 notat
1368 5001 1623 5058 Jacobus
1639 5001 1989 5058 Sirmondus
2010 5019 2115 5058 no-

464 5092 601 5159 ster,
627 5090 695 5143 ad
729 5088 833 5146 lib.
862 5106 941 5156 1v,
974 5090 1144 5161 epist.
1176 5094 1224 5161 l,
1253 5091 1502 5146 Ennodii
1529 5109 1541 5147 :
1576 5093 1741 5164 Papae
1768 5109 1978 5148 nomen
2012 5091 2113 5147 uni

466 5178 726 5235 Romano
757 5180 1039 5251 pontiﬁci,
1064 5185 1344 5252 tanquam
1380 5181 1679 5253 proprium
1712 5187 1767 5237 et
1800 5182 2109 5252 peculiare,

462 5268 690 5337 primus
736 5274 800 5324 ut
846 5271 1093 5339 videtur,
1128 5271 1381 5326 asseruit
1427 5271 1745 5327 Ennodius.
1783 5271 1926 5327 Nam
1976 5288 2111 5328 cum

462 5358 767 5429 episcopos
803 5375 1007 5416 omnes
1054 5377 1235 5432 papas
1264 5361 1455 5415 caeteri
1489 5360 1625 5426 fere,
1660 5361 1758 5432 qui
1818 5361 1947 5429 ejus
1994 5376 2109 5417 sevo

465 5447 711 5519 proximi
764 5448 1001 5505 fuerunt
1049 5449 1345 5521 appellare
1401 5448 1648 5516 soleant,
1692 5454 1757 5504 ut
1810 5450 2106 5505 Sidonius.

461 5539 1011 5605 Faustus,Ruricius
1031 5541 1155 5611 ipse
1174 5537 1797 5611 perpetuodiscrimine
1819 5539 2107 5595 antistites

462 5625 821 5697 reliquarum
847 5627 1225 5683 ecclesiarum
1247 5627 1552 5699 episcopos
1572 5630 1757 5682 vocat.
1783 5626 1993 5698 Papam
2019 5644 2106 5683 so-

462 5718 588 5774 lum
621 5716 894 5777 Romanis
922 5715 1078 5773 sedis
1108 5716 1443 5788 pontiﬁcem
1471 5716 1589 5773 sive
1612 5732 1741 5772 cum
1772 5713 1858 5771 illi
1878 5716 2103 5784 scribit,

2212 1937 2389 1991 frater
2418 1935 2507 1991 vel
2540 1942 2844 2006 cognatus.
2880 1932 3265 2004 Capitolinus,
3298 1931 3356 1986 in
3386 1930 3638 1987 Antonio
3673 1930 3873 1987 Philo-

2210 2024 2395 2096 sopho
2420 2042 2432 2081 :
2458 2047 2485 2074 ‹‹
2513 2024 2802 2080 Omnibus
2827 2022 3170 2095 parentibus
3198 2021 3326 2077 suis
3347 2024 3571 2076 tantam
3595 2037 3871 2076 reveren-

2212 2114 2354 2169 tiam
2388 2120 2669 2186 quantam
2704 2113 2974 2185 privatus
3004 2110 3290 2168 exhibuit.
3327 2130 3351 2161 ι
3380 2110 3563 2177 Idem,
3592 2111 3651 2165 in
3682 2110 3871 2166 Maxi-

2213 2204 2372 2259 mino
2396 2203 2633 2273 juniore
2657 2219 2670 2259 :
2704 2202 2848 2257 Cum
2892 2201 3279 2274 grammatico
3306 2201 3563 2269 daretur,
3592 2200 3870 2271 quaedam

2212 2308 2424 2363 parens
2455 2309 2563 2348 sua
2592 2292 2772 2347 libros
2807 2292 3140 2347 Homericos
3169 2306 3373 2346 omnes
3407 2305 3733 2361 purpureos
3764 2290 3873 2344 de-

2213 2381 2319 2437 dit.
2355 2402 2376 2432 ι
2414 2382 2784 2453 Lampridius
2813 2380 3138 2436 Alexandro
3184 2383 3427 2435 Severo:
3461 2401 3489 2430 κ
3544 2380 3780 2435 Amicos
3808 2383 3877 2435 et

2214 2476 2485 2543 parentes
2505 2472 2830 2527 Alexander
2842 2471 2890 2526 si
2911 2470 3098 2526 malos
3120 2468 3425 2541 reperit,...
3444 2477 3544 2524 aut
3563 2468 3814 2539 punivit.
3840 2492 3867 2518 ι

2213 2562 2471 2628 Hieron,
2496 2559 2737 2633 Apolog.
2760 2562 2795 2615 2
2820 2561 2949 2616 adv.
2983 2560 3135 2615 Rutl‘.
3161 2575 3174 2613 :
3207 2581 3236 2609 «
3263 2558 3384 2616 Nisi
3419 2558 3565 2613 forte
3589 2561 3873 2629 parentes

2214 2650 2453 2706 militari
2476 2651 2819 2721 vulgarique
2838 2664 3132 2715 sermone,
3154 2652 3434 2719 cognatos
3455 2650 3511 2703 et
3529 2647 3735 2703 afﬁnes
3758 2664 3871 2702 no-

2215 2740 2419 2795 minat.
2451 2762 2478 2788 ››
2501 2740 2727 2795 Passim
2750 2755 2818 2794 ea
2840 2738 3074 2794 notione
3094 2737 3350 2793 occurrit
3368 2737 3520 2808 apud
3547 2737 3872 2809 scriptores

2215 2830 2553 2899 posterioris
2574 2829 2697 2899 aevi,
2721 2833 2779 2884 et
2806 2827 3114 2899 aliquoties
3145 2827 3239 2882 hic
3270 2826 3330 2882 in
3353 2824 3503 2881 Vitis
3535 2825 3790 2882 Patrum.

2286 2941 2611 2993 Pyramus.
2645 2936 2780 2991 Vita
2808 2935 3054 2991 Joannis
3099 2932 3554 3005 Eleemosynari,
3590 2950 3718 3004 cap.
3756 2933 3817 2987 11
3850 2949 3868 2988 :

2216 3031 2494 3082 «Intuens
2511 3027 2711 3082 Niceta
2729 3025 3011 3097 patricius
3033 3024 3214 3094 hujus
3236 3023 3342 3077 viri
3364 3022 3684 3078 virtutibus
3706 3022 3872 3094 pleni

2216 3115 2780 3189 magnanimitatem.
2810 3138 2837 3167 ››
2867 3115 2947 3171 De
2978 3114 3262 3186 dignitate
3291 3117 3348 3169 et
3370 3113 3560 3169 officio
3592 3112 3875 3185 patricio-

2221 3224 2370 3274 rum,
2396 3210 2682 3279 quantum
2709 3206 2803 3260 hic
2826 3204 3165 3274 requiritur,
3183 3206 3261 3258 ita
3291 3202 3674 3258 doctissimus
3695 3202 3873 3259 Nico-

2220 3297 2350 3352 laus
2362 3296 2744 3362 Alamannus,
2761 3294 2908 3350 libro
2926 3293 3004 3348 De
3026 3292 3516 3348 Lateranensibus
3536 3291 3870 3348 Parietinis:

2221 3386 2400 3441 Erant
2428 3383 2568 3440 olim
2600 3385 2658 3439 in
2690 3383 2988 3456 republica
3018 3382 3282 3438 Romana
3312 3380 3564 3454 patricii,
3598 3381 3696 3453 qui
3729 3398 3872 3437 cum

2219 3475 2444 3548 reliquo
2476 3479 2681 3531 senatu
2712 3490 2880 3545 aequo
2894 3474 3027 3545 jure
3043 3471 3321 3528 viverent.
3345 3471 3709 3527 Constantini
3731 3487 3869 3528 vero

2218 3565 2409 3638 Mogni
2436 3565 2579 3639 lege,
2604 3565 2651 3619 si
2679 3580 2797 3636 qua
2814 3562 3043 3618 Zozimo
3066 3562 3210 3616 fides
3233 3560 3585 3632 (Ζοπρὺηηιὶὺ.
3609 3577 3649 3615 ιι
3665 3560 3866 3631 Hist.),

2222 3655 2465 3729 proximi
2491 3654 2781 3727 majestati
2799 3651 3045 3710 Caesaris
3064 3650 3199 3706 facti
3229 3654 3390 3714 sunt,
3411 3666 3477 3704 ac
3497 3649 3749 3705 senatori
3760 3649 3877 3705 bus

2223 3744 2623 3818 praefectisque
2641 3741 2931 3814 praetorio,
2948 3740 3132 3813 gradu
3148 3740 3560 3810 sententiaque
3574 3738 3632 3793 in
3656 3743 3872 3794 senatu

2221 3834 2469 3890 dicenda
2497 3831 2742 3903 praelati.
2766 3833 2900 3897 Quae
2932 3830 3111 3901 hujus
3151 3827 3376 3883 ordinis
3426 3826 3771 3883 excellentia
3800 3827 3881 3882 ad

2219 3922 2541 3978 Justiniani
2575 3936 2764 3993 usque
2795 3919 3249 3975 dominationem
3284 3917 3353 3989 (si
3384 3916 3662 3988 Procopio
3690 3915 3890 3973 credi-

2225 4012 2381 4083 mus]
2413 4027 2479 4066 ac
2504 4010 2603 4065 diu
2639 4015 2771 4082 post
2809 4009 3039 4080 integra
3070 4007 3425 4078 perduravit.
3462 4009 3507 4060 A
3547 4005 3881 4062 Justiniani

2225 4102 2403 4156 ferme
2434 4104 2696 4172 tempore
2747 4100 2886 4170 (nisi
2918 4098 3165 4153 fortasse
3196 4095 3380 4167 prius,
3422 4096 3577 4167 quod
3630 4095 3881 4166 quidem

2223 4192 2393 4246 modo
2417 4206 2530 4245 non
2556 4188 2865 4258 succurrit)
2887 4184 3159 4257 dignitati
3182 4185 3383 4240 addita
3411 4191 3497 4240 est
3531 4185 3882 4256 prefectura

2224 4279 2675 4353 provinciarum.
2702 4279 2807 4341 Qui
2826 4294 2891 4333 eo
2912 4281 3170 4347 tempore
3186 4280 3452 4329 carerent
3472 4290 3714 4329 munere
3735 4291 3881 4346 pro-

2224 4370 2445 4438 vincies,
2480 4386 2545 4424 ac
2577 4369 2635 4423 in
2686 4368 2828 4423 urbe
2859 4371 2917 4421 et
2945 4370 3150 4421 senatu
3208 4367 3524 4435 praesentes
3576 4364 3879 4434 adessent,

2224 4458 2599 4531 praesentales
2625 4456 2946 4529 patricii,ut
2965 4459 3054 4510 est
3075 4454 3229 4526 apud
3261 4452 3883 4522 Cassiodorum,voca-

2228 4551 2443 4603 bantur
2477 4546 2761 4618 (Cassiod..
2794 4544 3161 4612 Var,lib.vm,
3194 4543 3401 4614 epist).
3426 4541 3532 4607 Qui
3566 4541 3885 4613 praefectu-

2223 4656 2344 4693 ram
2360 4638 2771 4709 gerebant,pro
2784 4650 3024 4691 suarum
3041 4631 3628 4705 quiqueprovinciaru
3640 4648 3693 4685 m
3710 4647 3882 4688 more

2224 4744 2289 4784 ac
2307 4728 2431 4800 lege
2453 4725 2778 4798 nuncupari
2799 4719 3629 4793 consueverant,proconsules
3641 4721 3874 4792 Africae,

2224 4816 2402 4873 Italiae
2440 4816 2694 4881 exarchi,
2745 4813 2944 4871 Sicilia
2985 4811 3249 4884 strategi,
3285 4816 3561 4883 praetores
3602 4810 3886 4881 Orientis;

2222 4912 2332 4963 etc.

2292 5002 2612 5053 Paxma'rss
2631 5012 2734 5052 seu
2758 5000 3068 5050 Pxxmma
3093 5008 3195 5047 seu
3227 4990 3885 5057 Paxamomﬁufﬁnus,

2223 5085 2323 5142 lib.
2360 5105 2399 5156 ι,
2433 5103 2597 5141 num.
2634 5087 2704 5142 4:
2743 5109 2763 5134 ι
2795 5084 2955 5139 Vidit
2980 5083 3051 5137 de
3084 5080 3387 5153 sportella,
3444 5078 3541 5135 ubi
3592 5096 3795 5151 panes,
3822 5080 3883 5136 id

2222 5181 2329 5246 est,
2379 5175 2696 5249 paximatia
2743 5172 3003 5246 reposita
3050 5173 3236 5240 erant,
3296 5169 3590 5225 surexisse
3638 5169 3876 5226 fumum

2223 5282 2520 5338 magnum.
2550 5288 2575 5314 ››
2600 5259 3089 5334 Pelagius,libello
3112 5276 3187 5325 1v,
3211 5275 3268 5313 ιι.
3289 5258 3362 5312 25
3384 5275 3397 5313 :
3419 5279 3447 5307 ››
3474 5257 3659 5329 Rapui
3684 5274 3873 5314 unum

2221 5371 2429 5427 panem
2466 5354 2839 5427 paximatem,
2888 5356 2945 5407 et
2978 5348 3322 5405 manducavi
3371 5362 3508 5402 eum
3560 5345 3812 5403 occulte.
3839 5369 3869 5398 ››

2218 5445 2378 5510 Quod
2412 5443 2526 5511 hic,
2557 5443 2662 5509 lib.
2696 5440 2990 5509 1v,c.47,in
3025 5435 3311 5508 excerptis
3341 5451 3410 5491 ex
3447 5436 3713 5492 Cassiani
3741 5436 3876 5493 col—

2217 5534 2318 5591 lat.
2351 5550 2413 5597 II,
2439 5549 2568 5605 cap.
2593 5532 2652 5589 Η
2691 5537 2817 5589 est:
2852 5553 2881 5581 «
2916 5529 3103 5585 Unam
3137 5526 3492 5598 paximatem
3524 5526 3868 5597 quotidiein

2215 5623 2349 5679 sinu
2377 5638 2506 5678 meo
2535 5621 2785 5678 latenter
2811 5618 3255 5677 absconderem.
3289 5636 3319 5666 »
3344 5614 3636 5687 Pelagius,
3670 5614 3870 5672 libello

2212 5730 2270 5784 x,
2302 5729 2361 5769 n.
2392 5712 2497 5768 65:
2538 5732 2564 5761 ‹‹
2596 5712 2714 5783 Ego
2755 5709 2936 5767 biduo
2977 5708 3206 5780 jejuno,
3238 5708 3296 5761 et
3351 5704 3501 5761 duos
3547 5703 3880 5777 paximates
