4186 6326
325 439 434 495 481

1061 435 1567 493 ΟΝΟΜΔΒΤΙΟΟΝ
1606 438 1871 494 RERUM
1907 438 1999 493 ΕΤ

2112 437 2440 494 ΞΒΒΟΒΙῙΜ
2479 441 3033 496 DIFFICILIORUM.

3644 448 3747 502 482

329 565 647 621 manduco.
681 584 711 613 »
745 560 1058 631 Palladius,
1091 560 1237 617 Hist.
1267 561 1563 617 Lausiacaa
1596 579 1645 617 c.
1675 562 1746 616 28
1771 578 1784 616 :
1809 583 1837 612 ‹‹
1869 564 1983 617 Ιιιι-
2014 565 2069 629 Α
2100 562 2281 630 Talis,
2306 564 2517 637 inquit,
2536 565 2763 620 rubidus
2778 565 2947 637 panis-
2963 564 3747 642 Plauto.Frustra,inquam,

330 654 502 726 ponit
549 668 762 707 mensas
812 655 1065 722 quatuor
1097 652 1429 721 paxamidia
1461 668 1560 707 sex
1592 651 1922 706 unciarum-
1963 672 1985 699 ι)

329 742 629 808 Rufﬁnus,
654 740 757 795 lib.
778 758 864 809 ιιι,
890 757 1031 795 num
1055 741 1117 794 31
1149 757 1210 795 :«
1234 741 1487 796 Tantum
1519 757 1700 795 unum
1727 740 1987 812 paxima-

331 835 488 889 tium
522 832 732 887 1046
782 836 839 886 et
884 832 1143 902 quinque
1174 830 1356 887 olivas
1389 831 1447 885 in
1480 832 1608 886 cibo
1640 831 1922 902 capiebat.
1958 854 1986 879 η

330 919 818 989 Joannes,libello
844 937 927 987 111,
945 937 1108 973 num.
1129 921 1164 973 2
1186 937 1199 973 :
1225 942 1251 969 ‹‹
1280 921 1576 991 Apposuit
1598 937 1729 975 vero
1752 926 1809 975 et
1831 936 1991 974 men-

335 1028 490 1080 sam,
525 1011 807 1065 innuente
836 1009 888 1064 ei
920 1009 1020 1063 illo
1073 1008 1313 1080 majore,
1345 1014 1401 1063 et
1429 1010 1625 1081 posuit
1654 1027 1830 1081 super
1861 1026 1987 1064 eam

336 1104 456 1157 tres
482 1100 824 1170 paximates.
845 1122 866 1150 ι
887 1100 950 1153 Ιιι
974 1096 1177 1169 regula
1197 1097 1503 1153 coenobiali
1528 1098 1789 1169 Patrum,
1826 1114 1875 1155 c.
1902 1100 1989 1167 10,

334 1206 518 1262 quem
535 1190 750 1245 librum
767 1187 1243 1260 pmnitentiarum
1259 1187 1343 1241 col
1356 1188 1593 1243 umbani
1612 1188 1849 1259 quidam
1864 1205 1992 1243 esse

332 1284 553 1353 putant
579 1296 592 1334 :
618 1302 638 1328 α
667 1279 725 1335 Si
751 1278 885 1349 quis
910 1278 1085 1332 frater
1106 1276 1449 1332 inobediens
1474 1277 1670 1343 fuerit,
1697 1280 1844 1332 duos
1868 1277 1990 1332 dies

335 1385 453 1425 uno
474 1368 768 1441 paximate
792 1373 848 1422 et
870 1365 1113 1438 aqua.Si
1136 1367 1271 1436 quis
1292 1366 1433 1421 dicit
1454 1384 1466 1420 :
1486 1366 1612 1421 Non
1629 1367 1856 1433 faciam,
1874 1370 1991 1421 tres

334 1459 462 1515 dies
486 1475 602 1514 uno
629 1457 943 1528 paximatio
968 1460 1023 1510 et
1044 1472 1219 1526 aqua.
1246 1456 1304 1510 Si
1337 1455 1472 1526 quis
1487 1456 1716 1511 veniam
1752 1473 1866 1510 non
1891 1474 1989 1527 pc-

334 1550 408 1604 tit
439 1553 542 1604 aut
571 1548 716 1602 dicit
740 1545 1195 1613 excusationem,
1221 1545 1369 1599 duos
1392 1545 1516 1600 dies
1540 1562 1655 1600 uno
1678 1545 1990 1617 paximatio

336 1643 395 1695 et
428 1654 599 1709 aqua.
626 1658 653 1686 »
686 1637 899 1692 Suidas
926 1653 938 1691 :
964 1632 1197 1704 Δίπυρος
1232 1632 1416 1708 ἅρτος,
1450 1633 1476 1685 ὁ
1508 1633 1655 1707 παρὰ
1683 1632 1991 1705 Ῥωμαίους

341 1725 639 1799 λεγόμενος
670 1724 919 1795 παξαμᾰς
947 1740 959 1780 :
985 1744 1015 1775 «
1039 1724 1339 1778 Biscoctus
1370 1723 1562 1794 panis,
1583 1722 1683 1794 qui
1706 1724 1860 1794 apud
1886 1723 1992 1778 Ro-

340 1834 548 1872 manos
578 1816 795 1871 dicitur
822 1831 1119 1884 paxamas.
1144 1832 1169 1864 ιι
1198 1814 1356 1868 Idem
1385 1830 1396 1868 :
1423 1815 1676 1885 Παξαμᾶς
1707 1812 1733 1865 ὁ
1768 1810 1991 1889 δίπυρος

333 1908 521 1982 ἄρτος,
542 1903 652 1959 ἐστὶ
678 1900 734 1958 δὲ
753 1906 788 1973 ἡ
808 1901 951 1972 λέξις
971 1904 1275 1974 Ῥωμαϊκή.
1302 1927 1322 1956 ι
1354 1904 1654 1973 Paxamas,
1681 1903 1848 1975 panis
1872 1904 1988 1958 bis-
2022 1941 2069 2006 B

336 2003 572 2064 coctus;
611 2000 695 2050 est
721 2000 916 2049 autem
941 2010 1050 2048 vox
1083 1993 1355 2047 Romana.
1385 2015 1412 2042 ››
1437 1998 1543 2048 Per
1576 1993 1869 2048 Romanos
1902 1994 1993 2048 hic

338 2086 601 2158 Lipsius,
628 2088 704 2139 De
736 2082 947 2139 militia
976 2083 1258 2150 Romana,
1283 2080 1384 2137 lib.
1414 2100 1467 2151 ν,
1492 2081 1628 2137 dial.
1659 2084 1743 2152 11,
1778 2082 1995 2137 intelli—

333 2175 419 2247 git
438 2173 735 2229 Gro'sculos
754 2172 887 2228 illos
903 2174 1194 2227 Romanos
1208 2171 1265 2226 in
1283 2171 1528 2244 imperio
1545 2171 1879 2243 Byzantino,
1896 2173 1997 2243 qui

333 2265 419 2320 sic
451 2264 675 2319 dixere.

405 2360 686 2417 Nicolaus
709 2359 1020 2431 Rigaltius,
1036 2359 1095 2413 in
1112 2357 1407 2413 Glossario
1430 2374 1534 2413 suo
1557 2358 1790 2414 'I‘actico
1814 2359 1997 2414 mixo-

337 2451 738 2519 barbaro,non
762 2448 1229 2522 improbabiliter
1249 2449 1600 2504 existimata
1617 2450 1871 2505 Paxamo
1896 2466 1998 2504 cu—

335 2541 603 2613 pediario
634 2540 716 2620 ita
747 2540 995 2604 dictum,
1020 2540 1226 2610 dequo
1250 2538 1463 2593 Suidas
1488 2556 1499 2593 :
1528 2536 1778 2609 Πάξαμος
1799 2531 1999 2612 ἔγραψε

336 2627 707 2702 Ὀψαρτυτικὰ
746 2627 881 2681 κατά
932 2624 1243 2700 στοιχείων*
1275 2625 1515 2681 Βιωτικᾶ
1545 2624 1595 2679 ἐν
1633 2621 1875 2701 βιϐλίοις
1905 2621 1951 2679 ϐ’
1981 2646 1995 2684 :

331 2719 672 2774 «Paxamus
696 2716 935 2787 scripsit
950 2718 1019 2771 de
1036 2722 1159 2771 arte
1177 2715 1697 2783 culinaria,ordine
1716 2716 1996 2789 alphabe-

334 2809 490 2877 tico;
523 2813 579 2864 et
610 2808 962 2863 Bioticorum
992 2806 1175 2861 libros
1206 2806 1373 2861 duos.
1404 2825 1430 2857 α

414 2915 869 2971 Paximatiorum
910 2918 967 2969 et
1009 2913 1107 2969 alii
1139 2913 1284 2968 varii
1337 2912 1656 2968 meminere
1707 2916 1994 2969 auctores.

344 3011 453 3060 Leo
474 3005 644 3075 imp.,
658 3004 717 3058 in
733 3002 1004 3072 Tacticis,
1021 3019 1147 3073 cap.
1170 3003 1253 3065 10,
1278 3000 1306 3073 Ξ
1332 3003 1394 3056 13
1419 3018 1432 3055 :
1453 2997 1630 3054 Ἀλλὰ
1646 3000 1732 3054 καὶ
1755 2997 1995 3071 δαπάνην

338 3091 537 3167 (ἔχειν)
568 3092 603 3161 ἢ
637 3087 1005 3163 παξαμαδίου,
1037 3090 1071 3159 ἢ
1120 3086 1295 3144 ἄλλου
1342 3088 1490 3151 τινὸς
1532 3085 1710 3151 εἷ’ὃους
1760 3087 1998 3168 ἐλαφροῦ

336 3180 513 3236 εἴκοσι
528 3180 565 3250 ἢ
580 3179 670 3235 καὶ
683 3179 974 3256 τριάκοντα
990 3176 1179 3253 λίτρας
1207 3196 1219 3233 :
1241 3179 1656 3234 «Commeatus
1669 3182 1997 3251 paxamadii

335 3281 437 3328 aut
470 3271 640 3344 pisti,
671 3274 774 3326 aut
803 3270 1046 3325 alterius
1079 3269 1434 3340 cujusquam
1469 3268 1749 3339 expeditae
1784 3269 1865 3324 rei
1891 3271 1993 3325 ba~

334 3362 482 3417 beas
532 3362 739 3431 viginti
789 3364 891 3415 aut
938 3359 1185 3431 triginta
1231 3357 1437 3415 libras.
1466 3380 1494 3407 »
1528 3359 1711 3428 Idem,
1743 3376 1871 3431 cap.
1907 3361 1995 3427 12,

334 3453 365 3520 §
396 3451 500 3506 123
525 3467 539 3505 :
562 3449 689 3524 Χρὴ
724 3444 815 3502 οὖν
842 3448 933 3501 καὶ
973 3447 1026 3501 ἐν
1054 3450 1123 3521 τῇ
1157 3444 1340 3520 ἡμέρᾳ
1367 3450 1464 3501 τοῦ
1496 3444 1746 3520 πολέμου
1775 3444 1999 3502 ἕκαστον

340 3538 682 3614 στρατιώτην
700 3536 751 3592 ἐν
770 3539 889 3598 ταῖς
902 3534 1125 3597 σὲλλαις
1137 3535 1313 3589 αὐτῶν
1327 3534 1669 3614 ἐπιφέρεσθαι
1685 3533 1829 3609 ὕδωρ
1846 3536 1919 3598 εἷς
1936 3536 2003 3592 τὰ

335 3626 616 3702 λιγόμενα
641 3625 1005 3705 φΛασκία,καὶ
1037 3623 1331 3699 παξιμάδιν
1364 3624 1414 3679 ἐν
1447 3629 1525 3697 τῷ
1556 3624 2000 3701 σελλοπουγγίῳ,

339 3717 436 3772 καὶ
459 3716 694 3793 ἀλεόρου
733 3717 858 3789 μίαν
891 3715 926 3785 ἢ
961 3713 1057 3769 δύο
1080 3713 1101 3768 )
1124 3715 1271 3788 ίτρας
1297 3735 1309 3773 :
1337 3739 1364 3765 ι(
1393 3717 1525 3786 Ipso
1550 3715 1682 3771 belli
1709 3716 1801 3771 die
1825 3734 2005 3773 unus-

340 3808 606 3879 quisque
633 3807 802 3864 miles
824 3810 1013 3876 gestet
1057 3806 1126 3860 ad
1156 3804 1356 3860 sellam
1378 3821 1546 3859 suam
1567 3821 1763 3859 secum
1785 3822 2000 3877 aquam

336 3899 404 3952 in
430 3896 736 3968 pblasciis,
760 3906 812 3952 et
835 3894 1245 3968 paxamadium
1269 3894 1326 3950 in
1352 3894 1742 3966 sellopungio,
1778 3899 1834 3949 et
1866 3895 2000 3950 fari-

336 4004 433 4043 nae
472 4003 653 4041 unam
705 3990 882 4056 atque
934 3986 1178 4039 alteram
1212 3985 1443 4039 libram.
1478 4006 1506 4034 »
1540 3984 1723 4049 Idem,
1751 4000 1877 4054 cap.
1913 3985 1999 4054 13,

338 4077 460 4145 §2z
495 4076 760 4135 "Emme:
794 4074 1132 4145 στρατιώτης
1168 4071 1219 4126 ἐν
1248 4076 1325 4143 τῷ
1348 4077 1513 4126 κινεῖν
1544 4073 1677 4147 πρὸς
1707 4072 1998 4147 παράταξιν

338 4168 460 4239 σχῆ
495 4162 546 4218 ἐν
578 4168 659 4235 τῷ
690 4160 1108 4239 σελλοπουγγέᾦ
1139 4162 1306 4216 αὐτοῦ
1342 4160 1466 4233 μίαν
1500 4160 1534 4229 ἢ
1567 4160 1653 4215 καὶ
1684 4158 1779 4215 δύο
1811 4159 2000 4237 λίτρας

337 4256 533 4327 ἄρτου,
566 4254 599 4323 ἢ
644 4251 900 4327 ἀλεύρου,
933 4250 968 4320 ἢ
1017 4250 1209 4305 uinco
1248 4249 1476 4323 ἔφητοῦ,
1592 4248 1932 4323 παξαμάδας,
1965 4250 1999 4319 ἢ

340 4346 559 4417 κρέαςε
607 4343 863 4413 Quisque
914 4341 1106 4412 miles,
1166 4342 1399 4412 quando
1448 4343 1515 4396 ad
1565 4341 1999 4396 dimicationem

344 4432 489 4488 belli
519 4432 800 4504 procedit,
827 4432 1039 4488 habeat
1060 4432 1117 4486 in
1152 4430 1518 4503 sellopungio
1550 4448 1655 4485 suo
1690 4447 1867 4485 unam
1901 4437 2004 4486 aut

344 4523 499 4577 duas
542 4521 725 4577 libras
770 4520 959 4593 panis,
995 4524 1097 4576 aut
1138 4520 1361 4589 farinze,
1395 4524 1497 4573 aut
1530 4519 1667 4590 pisti
1700 4521 1868 4587 cocti,
1902 4526 2003 4577 aut

348 4611 703 4682 paxamadii,
739 4615 842 4665 aut
872 4611 1087 4665 carnis.
1111 4632 1137 4659 «
1165 4608 1371 4665 Isidori
1403 4608 1656 4665 Glossae:
1690 4630 1710 4657 ε
1736 4610 2002 4665 Paxima-

2098 658 2188 708 est
2210 652 2548 722 Goldastus,
2574 672 2705 710 cum
2730 672 2863 710 vera
2886 655 3055 709 lectio
3078 656 3153 710 sit
3172 658 3506 727 furfureum,
3533 662 3617 716 uti
3642 664 3748 718 ha-

2098 743 2195 797 bet
2241 743 2430 812 prima
2478 745 2688 799 Editio.
2723 744 2838 799 Nec
2869 743 3164 815 singulare
3198 746 3416 816 aliquid
3451 748 3509 802 in
3544 750 3746 809 Macno

2100 832 2249 886 absti
2262 832 2470 887 nentim
2484 850 2642 887 exem
2655 832 2805 904 plum
2820 838 3083 888 notaretu
3095 834 3193 901 r,si
3206 835 3546 904 paximadiis
3559 856 3749 896 vesce-

2100 926 2286 976 retur:
2306 922 2716 993 plerarumque
2736 922 3153 977 monachorum
3179 923 3233 977 in
3253 926 3561 997 zEgyptois
3582 929 3747 986 cibus

2100 1010 2350 1065 fuit.Sed
2374 1014 2628 1082 fur/nmo
2645 1030 2791 1083 pane
2806 1012 3105 1077 vesci,hoc
3129 1014 3184 1065 in
3204 1013 3405 1069 Macno
3442 1016 3743 1075 eximium.

2102 1100 2373 1156 Rubidum
2398 1120 2627 1172 quoque
2650 1119 2857 1174 panem
2884 1103 3035 1173 apud
3063 1102 3355 1170 Plautum,
3379 1106 3610 1173 Casina,
3628 1114 3743 1166 act.

2098 1190 2152 1256 2,
2174 1206 2330 1245 scen.
2355 1192 2408 1245 5.
2436 1192 2642 1247 Festus
2672 1192 3088 1263 interpretatur
3105 1209 3309 1263 parum
3338 1204 3564 1259 coctum,
3590 1199 3745 1268 quod

2100 1294 2214 1332 non
2266 1281 2515 1349 quadrat
2566 1281 2621 1335 in
2674 1280 3010 1352 paximatia,
3044 1279 3179 1336 licet
3226 1282 3509 1351 Isidorus,
3541 1285 3641 1339 lib.
3673 1304 3747 1341 xx

2099 1368 2280 1437 Orig.,
2306 1385 2431 1439 cap.
2457 1370 2491 1422 2
2514 1374 2783 1425 recoctum
2805 1371 3237 1439 interpretetur.
3264 1371 3526 1439 Plautus,
3549 1374 3609 1428 in
3632 1378 3748 1430 Me-

2101 1456 2402 1522 naechmis,
2429 1463 2540 1513 act.
2564 1460 2618 1528 5,
2642 1476 2800 1516 scen.
2819 1460 2872 1525 5,
2898 1458 3142 1513 ridicule
3166 1466 3409 1531 usurpat
3424 1478 3625 1533 panem
3649 1481 3749 1536 pu-

2098 1549 2319 1602 niceum
2349 1554 2399 1602 et
2428 1566 2791 1619 purpureum.

2170 1648 2499 1702 Paximates
2521 1647 2579 1702 hi
2605 1666 2806 1718 panes,
2830 1648 2967 1702 dicti
2992 1649 3165 1703 etiam
3186 1666 3360 1719 panes
3387 1650 3539 1707 sicci.
3560 1652 3745 1708 Rufﬁ-

2098 1753 2231 1804 nus,
2258 1736 2357 1793 lib.
2386 1756 2445 1804 ιι,
2471 1756 2595 1808 cap.
2617 1742 2669 1807 7,
2700 1740 2754 1793 in
2785 1739 2905 1794 Vita
2936 1739 3224 1809 Apollonii
3254 1756 3264 1795 :
3290 1763 3317 1789 ‹‹
3347 1741 3525 1796 Erant
3545 1751 3742 1800 autem

2097 1824 2181 1878 eis
2206 1828 2373 1895 pauci
2396 1828 2799 1881 tantummodo
2818 1832 2875 1881 et
2897 1828 3035 1881 sicci
3057 1845 3257 1898 panes.
3280 1828 3600 1899 Palladius,
3616 1849 3745 1904 cap.

2098 1914 2188 1973 52.
2213 1917 2313 1985 qui
2345 1932 2478 1970 eum
2514 1915 2855 1987 Apollonem
2888 1922 3055 1970 vocat
3088 1933 3100 1970 :
3138 1937 3163 1966 ‹‹
3199 1918 3377 1972 Erant
3407 1925 3602 1974 autem
3638 1922 3748 1976 ali-

2101 2008 2245 2075 quot
2303 2005 2441 2060 sicci
2503 2022 2702 2075 panes,
2762 2011 2818 2060 et
2874 2007 3142 2076 quaedam
3198 2006 3355 2061 olera
3412 2011 3750 2080 reposita.»

2103 2093 2396 2160 Ruffinus,
2413 2094 2513 2149 lib.
2531 2112 2616 2165 ιιι,
2633 2112 2691 2149 ιι.
2712 2096 2775 2149 19
2797 2112 2807 2148 :
2826 2117 2853 2145 «
2872 2094 3028 2151 Nihil
3054 2095 3113 2149 in
3136 2096 3378 2162 eavidit,
3398 2099 3508 2152 nisi
3536 2117 3756 2170 paucos

2102 2199 2284 2254 panes
2317 2185 2503 2239 siccos
2525 2184 2583 2238 in
2609 2192 2809 2255 sporta
2841 2184 3230 2255 pendentes.»
3259 2184 3555 2256 Pelagius,
3577 2188 3757 2250 libell.

2100 2274 2348 2337 x,n.97:
2379 2274 2487 2328 «Et
2510 2274 2785 2346 apposuit
2816 2273 2898 2329 eis
2933 2290 3141 2344 panem
3176 2274 3495 2344 siccum,et
3516 2294 3758 2348 aquam,

2103 2366 2159 2416 et
2189 2361 2297 2426 sal,
2332 2364 2530 2417 dicens
2558 2380 2570 2417 :
2596 2368 2736 2417 Ecce
2774 2367 3006 2435 propter
3037 2381 3135 2417 vos
3167 2364 3539 2420 festivitatem
3574 2366 3756 2421 habe-

2103 2467 2239 2505 mus
2270 2449 2463 2518 hodie,
2496 2456 2551 2505 et
2582 2452 2743 2506 misit
2780 2468 2984 2523 parum
3020 2452 3165 2505 aceti
3199 2451 3256 2505 in
3291 2452 3515 2508 salibus
3541 2456 3693 2511 istis.
3726 2477 3751 2508 ι

2101 2539 2381 2604 Joannes,
2405 2539 2584 2594 libell.
2602 2557 2686 2606 ιιι,
2705 2558 2760 2593 ιι.
2785 2541 2819 2593 2
2844 2558 2855 2595 :
2884 2563 2909 2590 «
2933 2540 3099 2594 Dedit
3116 2540 3200 2595 eis
3218 2543 3492 2611 securim,
3509 2549 3567 2599 et
3587 2561 3759 2617 spor-

2102 2631 2221 2682 tam
2241 2627 2469 2699 plenam
2501 2628 2751 2700 panibus
2778 2629 2970 2696 siccis,
2997 2634 3053 2682 et
3075 2628 3157 2683 sal
3199 2650 3228 2680 »
3250 2632 3334 2685 Ita
3357 2631 3596 2701 quidam
3624 2634 3760 2691 libri

2104 2716 2182 2771 ibi
2204 2719 2362 2772 siccis
2389 2718 2633 2772 addunt.
2664 2718 2990 2789 Hesychius
3015 2734 3026 2772 :
3054 2715 3279 2791 Δίπυροι
3301 2719 3620 2791 ἄρτοι,οἱὲκ
3641 2718 3761 2775 δευ-

2101 2798 2258 2881 τέρου
2295 2804 2608 2877 ὀπτωμένοι
2644 2824 2657 2861 :
2691 2809 2888 2878 Dz'pyri
2907 2823 3103 2877 panes,
3135 2810 3370 2864 secundo
3399 2811 3555 2865 cocti.

2176 2906 2394 2975 Nempe
2426 2906 2662 2961 siccitas
2688 2923 2753 2961 ex
2776 2904 3121 2971 recoctione,
3147 2908 3300 2961 unde
3331 2923 3511 2975 supra
3536 2905 3759 2982 δίπυρος

2104 2992 2263 3066 ἄρτος
2297 2995 2519 3061 dictus;
2544 3012 2667 3065 qua:
2692 2995 2927 3051 siccitas
2952 3000 3008 3049 et
3030 2995 3275 3050 recoctio
3299 2997 3368 3050 ad
3399 2999 3759 3055 diuturnita-

2104 3088 2221 3139 tem
2255 3085 2572 3151 faciebant;
2599 3101 2714 3156 quo
2750 3084 3061 3155 respicitur
3091 3084 3147 3137 in
3167 3084 3299 3139 Vita
3321 3088 3504 3141 sancti
3527 3090 3760 3144 Antonii

2106 3189 2154 3230 c.
2192 3175 2249 3227 11
2291 3191 2302 3228 :
2336 3196 2363 3223 «
2394 3177 2579 3228 Panes
2612 3173 2905 3228 mensium
2939 3190 3060 3239 sex,
3095 3178 3159 3227 ut
3190 3173 3453 3229 Thebaeis
3488 3188 3614 3232 mes
3645 3182 3755 3245 est,

2109 3280 2309 3318 secum
2335 3263 2686 3330 recondens;
2708 3280 2843 3317 nam
2861 3263 3061 3317 crebro
3079 3279 3408 3333 perannum
3434 3264 3759 3338 incorrupti

2110 3312 2309 3318 _--__-
2336 3312 2686 3330 --ηπ----Ἴ
2708 3312 2739 3316 --
2768 3312 2843 3317 Ἢ
2866 3312 2909 3316 --
2929 3312 3013 3317 η-
3035 3312 3056 3317 -
3080 3312 3168 3333 Γ--
3191 3312 3408 3318 --π---η
3436 3312 3481 3319 --

2027 3312 2069 3378 C
2111 3354 2323 3409 durare
2354 3353 2564 3408 solent.
2600 3374 2628 3402 »
2660 3352 2803 3407 Vide
2834 3369 3014 3423 supra
3045 3352 3481 3409 BUCCELLATUM.

2182 3453 2246 3507 Et
2268 3451 2404 3523 quia
2435 3466 2617 3523 panes
2640 3451 2699 3505 bi
2728 3451 2863 3506 sicci
2890 3451 3239 3522 erant(puto
3262 3452 3440 3506 etiam
3472 3454 3759 3527 duriores)

2108 3540 2423 3596 comesturi
2457 3557 2555 3595 eos
2588 3557 2738 3611 aqua
2773 3540 3147 3594 macerabant
3178 3544 3233 3594 et
3264 3542 3754 3612 madefaciebant,

2109 3632 2261 3702 quod
2288 3631 2344 3684 in
2370 3630 2462 3685 his
2488 3630 2629 3685 Vitis
2653 3630 2867 3701 saepius
2895 3631 3110 3685 dicitur
3128 3632 3619 3705 infunderepanes.
3637 3635 3759 3691 Pal-

2106 3718 2544 3788 ladius,cap.28
2566 3735 2579 3773 :
2604 3720 2713 3773 «Et
2732 3720 2970 3789 imponit
2993 3736 3206 3774 mensae
3231 3727 3482 3791 quatuor
3496 3724 3756 3795 paxami-

2110 3809 2203 3863 dia
2230 3825 2330 3863 sex
2351 3808 2658 3863 unciarum
2681 3828 2693 3875 ;
2719 3808 2904 3862 ctsibi
2935 3809 3173 3879 quidem
3210 3827 3390 3864 unum
3428 3813 3755 3877 madefecit,

2108 3902 2273 3952 erant
2303 3898 2457 3952 enim
2493 3897 2657 3964 sicci,
2690 3896 2769 3950 illi
2808 3900 3001 3951 autem
3032 3902 3169 3952 tres.
3198 3918 3224 3945 ››
3252 3899 3544 3964 Rufﬁnus,
3568 3900 3670 3955 lib.
3695 3919 3757 3966 ιι,

2109 4004 2272 4042 num.
2295 3988 2324 4041 ἆ
2355 4004 2365 4040 :
2393 4008 2420 4035 «
2446 3986 2668 4040 Etcum
2690 3983 3021 4039 advenisset
3046 3984 3189 4039 hora
3207 3992 3389 4048 sexta,
3414 3987 3761 4045 infundebat

2109 4090 2319 4146 panem
2342 4074 2399 4128 in
2424 4090 2597 4143 aqua,
2625 4073 2860 4127 dicens:
2896 4095 2919 4124 ει
2942 4078 3089 4126 Dum
3108 4073 3197 4127 hic
3214 4074 3378 4143 panis
3402 4074 3759 4145 infunditur,

2106 4169 2334 4235 oportet
2362 4180 2453 4217 me
2484 4164 2659 4217 etiam
2695 4162 2894 4215 horam
2932 4179 3145 4216 nonam
3195 4168 3547 4234 exspectare.
3589 4189 3607 4214 ι
3645 4167 3762 4221 Ibi-

2108 4254 2236 4307 dem
2273 4271 2285 4308 :
2317 4275 2345 4301 «
2377 4254 2639 4322 Cumque
2667 4250 2995 4305 advenisset
3029 4250 3171 4305 hora
3203 4257 3386 4321 sexta,
3419 4253 3763 4312 infundebat

2108 4359 2319 4413 panem
2345 4342 2402 4394 in
2424 4357 2658 4411 aquam.
2688 4362 2714 4391 ››
2740 4341 2899 4404 Quod
2928 4341 2983 4394 in
3004 4340 3252 4412 Pelagio,
3281 4342 3474 4397 libello
3497 4361 3572 4410 ιν,
3595 4361 3761 4402 num.

2106 4432 2448 4496 58,dicitur:
2470 4452 2496 4479 «
2512 4430 2734 4484 Infudit
2750 4430 3207 4501 panem,etsedit
3230 4436 3295 4486 ut
3319 4434 3759 4489 manducaret.»

2109 4523 2253 4576 Item
2278 4520 2570 4585 Rufﬁnus,
2596 4519 2697 4573 lib.
2716 4535 2798 4585 ιιι,
2825 4535 2989 4573 num.
3016 4520 3119 4573 19:
3146 4541 3174 4569 «
3192 4520 3259 4574 Et
3282 4521 3444 4575 misit
3465 4540 3676 4593 aquam
3703 4530 3762 4580 et

2110 4610 2217 4679 sal,
2240 4613 2297 4664 et
2319 4609 2477 4663 misit
2499 4607 3129 4679 buccellas(paximatii
3157 4609 3539 4677 videlicet,vel
3564 4613 3760 4684 ipsum

344 4700 523 4767 tium,
550 4699 722 4771 panis
753 4699 1189 4755 subcineritius.
1227 4720 1255 4747 ››
1292 4698 1712 4770 Luitprandus,
1734 4700 1791 4753 in
1826 4699 2003 4771 Lega-
2035 4685 2081 4749 D
2114 4698 2607 4771 paximatium),et
2630 4698 3007 4752 comederunt
3031 4698 3493 4768 pariter.»Quod
3518 4701 3576 4756 in
3598 4702 3762 4758 Pela-

346 4790 498 4844 tion.
536 4806 550 4843 :
585 4810 614 4840 ‹‹
641 4788 760 4844 Soli
792 4788 1078 4844 mensulae
1106 4788 1371 4843 assident
1400 4788 1593 4854 nudae,
1621 4788 2005 4859 paximatium

352 4879 467 4933 sibi
497 4883 922 4950 apponentes.»
951 4877 1456 4945 Columbanus,de
1480 4876 1682 4949 Regul.
1711 4878 2005 4944 monacb.,

352 4984 483 5040 cap.
506 4969 580 5023 5:
614 4989 640 5020 ιι
661 4967 853 5038 Olera,
887 4967 1204 5038 legumina,
1232 4967 1427 5022 farina
1456 4968 1627 5038 aquis
1660 4969 1842 5025 mistae
1876 4983 2007 5022 cum

350 5073 534 5129 parvo
565 5073 715 5128 pane
746 5057 1058 5128 paximate,
1092 5073 1162 5113 ne
1193 5062 1390 5113 venter
1420 5063 1712 5125 oneretur,
1754 5061 1810 5113 ct
1840 5074 2007 5113 mens

350 5145 699 5203 suffocatur.
737 5164 763 5197 ι

423 5246 668 5301 Frustra
700 5249 791 5301 est
815 5244 1153 5312 Goldastus,
1177 5244 1274 5316 qui
1303 5244 1362 5299 in
1386 5245 1509 5316 lege
1525 5243 2005 5315 Alamannorum,

351 5335 447 5391 tit.
477 5335 570 5400 22,
606 5337 633 5404 §
666 5336 718 5402 1,
749 5352 976 5407 panem,
1005 5335 1188 5391 modia
1236 5335 1361 5401 duo,
1395 5333 1654 5405 corrigit,
1682 5334 2009 5405 pamimadia

353 5424 483 5480 duo.
509 5424 702 5480 Nimia
732 5425 855 5481 hinc
885 5425 1078 5493 crisis,
1102 5424 1275 5480 etiam
1328 5424 1555 5495 legibus
1582 5423 1700 5479 vim
1732 5424 2007 5480 inferens.

359 5514 587 5570 Rursus
618 5514 833 5570 frustra
864 5522 972 5583 est,
998 5516 1138 5569 dum
1164 5513 1488 5585 paximadia
1512 5512 1633 5567 vult
1663 5513 1816 5568 dicta
1843 5531 2012 5584 panes

355 5621 685 5677 purpureos,
709 5606 863 5676 quod
888 5605 959 5660 ab
985 5604 1119 5675 igne
1142 5607 1407 5658 rubeant.
1432 5603 1689 5658 Joannes
1713 5603 2009 5673 Moschus,

359 5694 514 5750 Prati
542 5694 736 5766 spirit.
772 5711 896 5767 cap.
920 5694 978 5761 7,
995 5694 1065 5749 de
1095 5697 1295 5748 Macno
1327 5708 1502 5747 sene:
1530 5715 1556 5742 «
1582 5692 1778 5762 Neque
1806 5697 2011 5749 vinum

357 5783 592 5853 bibens,
627 5800 817 5856 neque
848 5799 1059 5856 panem
1091 5782 1426 5853 comedens,
1448 5781 1557 5837 nisi
1589 5798 2011 5855 purpureum.»

2117 4790 2232 4863 gio,
2266 4787 2463 4843 libello
2494 4806 2587 4858 xv,
2624 4805 2787 4843 num.
2810 4790 2902 4853 66,
2924 4793 3047 4843 est:
3077 4811 3105 4839 «
3139 4794 3206 4844 Et
3235 4790 3454 4844 infudit
3475 4792 3525 4846 ei
3559 4809 3762 4864 panes,

2116 4885 2173 4934 et
2203 4877 2368 4933 misit
2398 4877 2448 4932 ei
2480 4878 2674 4932 oleum
2707 4886 2763 4933 et
2789 4877 2898 4932 sal.
2934 4900 2962 4927 »

2188 4983 2499 5033 Psccxron.
2532 4975 2669 5031 Vita
2696 4976 2861 5031 Pauli
2914 4976 3083 5047 primi
3136 4978 3414 5041 eremitze,
3449 4996 3614 5034 num.
3650 4980 3716 5034 18
3749 4998 3763 5037 :

2116 5090 2143 5117 «
2171 5065 2801 5137 0bsecro,quicunque
2820 5066 3535 5139 haeclegis,utHieronymi
3562 5086 3766 5140 pecca-

2120 5156 2264 5211 toris
2313 5154 2675 5210 memineris.
2708 5176 2735 5203 η
2775 5155 3122 5210 Anastasius
3168 5155 3673 5224 Bibliothecarius,
3706 5160 3767 5215 in

2117 5244 2455 5317 praefatione
2492 5243 2637 5299 Vitae
2653 5244 2842 5299 sancti
2864 5244 3107 5300 Joannis
3129 5245 3641 5319 Eleemosynariim
3660 5250 3765 5306 Su-

2118 5335 2278 5406 scipe
2309 5350 2445 5405 ergo
2478 5340 2749 5387 sanclum
2772 5349 2804 5386 a
2825 5337 3127 5403 peccatore
3157 5333 3671 5406 interpretatum.»
3689 5340 3771 5395 Ita

2120 5440 2272 5497 smpe
2292 5423 2397 5477 viri
2424 5422 2611 5477 sancti
2636 5421 3049 5477 exbumilitate
3066 5422 3277 5478 litteris
3301 5426 3426 5481 suis
3445 5430 3771 5499 superscri-

2118 5515 2255 5568 bere
2277 5518 2332 5567 et
2353 5512 2724 5567 subscribere
2748 5510 3252 5579 soliti.Lisiardus,
3275 5514 3586 5587 episcOpus
3607 5518 3773 5575 Sues-

2122 5603 2432 5669 sionensis,
2457 5600 2513 5653 in
2540 5600 2664 5657 Vita
2695 5601 2881 5654 sancti
2911 5602 3226 5673 Arnulpbi,
3249 5620 3374 5677 cap.
3405 5607 3495 5673 50,
3527 5608 3773 5676 Augusti

2125 5694 2209 5758 15,
2247 5692 2387 5747 dicit
2416 5689 2755 5761 Arnulphus
2787 5689 2857 5743 de
2890 5708 2950 5746 se
2982 5710 2994 5747 :
3037 5713 3058 5740 α
3095 5692 3281 5764 Hujus
3314 5695 3631 5766 peccatoris
3660 5701 3773 5749 Ar-

2122 5780 2332 5854 nulpbi
2365 5795 2577 5851 corpus
2608 5784 2772 5837 terra:
2804 5781 3104 5839 reddatur.
3131 5805 3159 5833 »
3191 5783 3527 5842 Desiderius
3555 5781 3777 5838 Cadur-
