4186 6326
457 367 565 425 483

1174 351 1681 416 ΟΝΟΜΔΒἸῚΟΟΝ
1718 349 1976 406 RERUM
2011 348 2089 402 E1

2205 345 2546 403 ERBORUM
2581 349 3148 408 DIFFICILIOBUM.

3762 346 3870 402 484

453 507 606 549 cena
629 487 881 546 civitatis
903 485 1212 558 episcopus
1225 479 1474 553 epist.ad
1487 473 1889 531 Grimoaldum
1903 469 2102 541 palatii
2133 472 2186 538 Α
2218 469 2379 540 fungi
2413 473 2722 527 Gretserus
2754 476 2953 528 noster
2975 473 3046 528 ad
3070 471 3359 529 Codinum
3386 470 3674 543 suggerit,
3697 487 3770 525 an
3794 471 3880 526 sit

451 588 733 638 rectorem
769 595 780 633 :
817 596 847 629 ι(
875 574 1121 630 Domino
1151 569 1368 627 illustri
1399 563 1736 622 Crimoaldo
1766 560 1970 630 Majori
2003 561 2106 614 do-

452 688 585 727 mus
613 667 941 724 Desirlerius
967 665 1295 735 peccator.»
1312 659 1468 713 Idem
1487 657 1557 711 ad
1577 652 1947 709 Medoaldum
1970 655 2106 704 Tre-

453 761 655 816 varicae
686 756 848 811 urbis
881 753 1258 825 episcopum:
1283 770 1310 800 ι(
1335 746 1582 803 Ι)οωὶοο
1610 759 1842 813 semper
1866 756 1970 796 suo
1994 743 2104 795 Me-

454 849 663 905 doaldo
680 861 837 916 papas
857 841 1189 898 Desiderius
1208 842 1490 908 peccator.
1507 835 1609 888 »Et
1627 833 1698 888 ad
1713 829 2102 900 Codulphum:

451 961 479 989 «
507 937 748 992 Domino
779 931 994 987 illustri
1027 928 1328 998 Codulpho
1361 923 1700 980 Desiderius
1752 924 2037 992 peccator.
2076 939 2103 966 υ

447 1028 590 1082 Vide
612 1025 779 1097 plura
804 1020 1072 1091 exempla
1090 1018 1243 1090 apud
1276 1015 1652 1070 Franciscum
1681 1009 2102 1065 Bernardinum

447 1114 884 1180 Ferrarium,De
909 1106 1438 1165 ecclesiasticarum
1467 1100 1846 1174 epistolarum
1867 1112 2100 1168 genere,

451 1207 556 1262 lib.
591 1221 675 1268 III,
709 1218 839 1273 cap,
874 1202 924 1254 1.

525 1303 766 1357 PEDIBUS
797 1312 1018 1353 morm.
1056 1291 1374 1358 Palladius,
1427 1306 1554 1360 cap.
1609 1289 1675 1342 15
1710 1304 1722 1342 :
1755 1284 1935 1340 Nobis
1967 1288 2102 1338 tuos

451 1393 628 1466 pedes
669 1384 1117 1456 attingentibus.
1153 1405 1179 1431 »
1216 1381 1529 1434 Aberrarat
1579 1376 1673 1430 hic
1723 1371 2102 1466 ab_auctor_is

451 1461 642 1537 mente
664 1478 954 1547 interpres
986 1475 1289 1536 Hervetus,
1320 1469 1398 1523 ita
1429 1471 1658 1522 vertens
1693 1481 1704 1518 :
1737 1486 1762 1513 «
1799 1461 2100 1526 Quomodo

448 1571 573 1625 ﬁeri
632 1569 826 1639 potest
856 1568 921 1618 ut
951 1578 1016 1616 ex
1050 1560 1167 1616 tuis
1223 1557 1469 1630 pedibus
1501 1555 1559 1609 hi
1595 1554 1713 1609 sint
1741 1548 2040 1622 aequales?
2070 1570 2098 1598 »

447 1659 573 1714 Non
597 1651 1026 1717 animadvertit,
1049 1649 1191 1703 illud
1213 1650 1318 1700 τῶν
1349 1640 1530 1698 ποδῶν
1553 1663 1647 1695 σου
1679 1639 1979 1710 ἁπτόμεθα,
2010 1653 2102 1708 pe-

448 1749 537 1803 des
567 1753 691 1801 tuos
719 1743 1064 1812 attingimus,
1099 1736 1354 1809 speciem
1403 1750 1518 1805 prie
1553 1749 1614 1786 se
1645 1731 1794 1786 ferre
1825 1729 2102 1783 obsecra-

445 1836 623 1893 tionis
642 1833 730 1888 vel
758 1828 1184 1888 obtestationis.
1206 1825 1442 1880 Veteres
1469 1823 1783 1912 enimcum
1802 1816 2097 1912 supplices
2127 1849 2172 1912 Β

445 1925 822 1985 accedebant,
843 1918 1092 1991 genibus
1120 1932 1186 1970 ac
1211 1914 1456 1986 pedibus
1478 1909 1952 1967 advolvebantur.
1982 1905 2094 1960 Ho-

447 2029 668 2080 merus,
692 2029 710 2066 ι
745 2010 908 2066 Iliad.
943 2024 954 2061 ε
988 2004 1076 2059 καὶ
1108 1997 1244 2057 λάϐε
1271 2000 1503 2077 γονύων.
1536 1999 1883 2070 Xenophon,
1917 2012 1991 2051 νυ
2026 1995 2097 2049 de

443 2103 574 2174 Cyri
608 2098 976 2156 institutione
1012 2113 1023 2150 :
1058 2091 1240 2165 Κύρου
1269 2087 1597 2166 κατεφιλοῦν
1646 2086 1734 2140 καὶ
1785 2089 1976 2158 χεῖρας
2005 2083 2092 2136 καὶ

444 2189 637 2252 πόδας.
657 2188 970 2261 Dionysius
1001 2184 1384 2250 Halicarnas.,
1409 2179 1511 2235 lib.
1533 2195 1586 2233 v1
1618 2178 1697 2233 De
1728 2175 1959 2247 Legatis
1987 2174 2096 2228 La-

443 2283 703 2339 tinorum
732 2277 864 2334 εΚαὶ
892 2277 998 2328 τῶν
1029 2272 1269 2346 γονάτων
1302 2267 1599 2332 ἁπτόμενοι
1630 2266 1807 2334 πάσης
1835 2269 1935 2332 τῆς
1967 2281 2094 2336 γερ-

443 2369 626 2430 ουσίας
647 2367 736 2422 καὶ
753 2367 847 2427 τὰς
864 2361 1143 2438 ἱκετηρίας
1161 2360 1307 2433 παρὰ
1323 2363 1443 2420 τοῖς
1469 2356 1596 2410 ποσὶ
1621 2359 1719 2410 τοῦ
1743 2351 2093 2424 Ποστουμίου

440 2461 695 2522 τιθέντες.
733 2478 756 2509 ι
790 2454 1036 2525 Totique
1067 2450 1295 2508 senatui
1345 2450 1418 2504 ad
1469 2464 1660 2519 genua
1693 2444 2092 2517 procidebant,

442 2551 644 2608 I041
683 2545 890 2620 positis
939 2545 1009 2598 ad
1062 2538 1392 2597 Postbumii
1427 2538 1604 2609 pedes
1631 2533 1965 2606 supplicum
1999 2533 2093 2587 in-

436 2639 727 2712 signibus.
763 2658 790 2686 »
844 2631 1269 2695 Tertullianus,
1323 2628 1402 2683 De
1453 2625 1796 2698 pmnitentia
1843 2639 1972 2693 cap.
2005 2623 2088 2676 9:

434 2754 460 2781 «
485 2725 842 2798 Presbyteris
857 2719 1304 2789 advolvi,charis
1319 2717 1416 2772 Dei
1440 2713 1864 2786 adgeniculari.
1881 2735 1908 2761 ››
1944 2712 2088 2767 Dio-

434 2813 932 2892 nysius,epist.ad
949 2808 1361 2879 Demophilum
1388 2823 1400 2860 :
1429 2805 1502 2856 Σὺ
1536 2800 1593 2856 δὶ
1621 2801 1712 2855 τὸν
1745 2798 2087 2892 προσπεσόνέ

429 2890 495 2964 τά
525 2909 662 2980 ἱερεῖ
682 2902 866 2977 παρὼν
901 2897 1264 2956 ἀπελάκτισας
1291 2912 1305 2950 :
1337 2919 1356 2944 ι
1383 2896 1470 2950 Tu
1492 2910 1625 2948 vero
1649 2908 1782 2948 eum
1808 2890 1906 2962 qui
1930 2907 1990 2946 se
2014 2891 2084 2946 ad

434 2993 756 3054 sacerdotis
813 3006 1007 3063 genua
1062 2987 1397 3058 abjecisset,
1455 2983 1612 3039 calce
1671 2980 1998 3037 detrusisti.
2060 3001 2080 3028 ι

433 3088 688 3143 Faon'ro.

500 3185 768 3240 Pennus.
805 3177 936 3232 Vita
966 3172 1282 3232 Christiani
1345 3169 1638 3238 monachi,
1673 3168 2086 3242 prolegomeno

426 3276 517 3342 22,
541 3273 571 3346 §
597 3274 668 3327 5:
692 3293 720 3322 ι(
750 3266 949 3326 Inveni
982 3280 1168 3320 unum
1201 3260 1494 3333 pedulem,
1519 3264 1576 3315 et
1607 3259 1665 3314 in
1700 3274 1766 3312 eo
1802 3273 2075 3328 magnam

424 3378 681 3421 massam
734 3357 1132 3415 denariorum.
1169 3377 1196 3402 »
1230 3353 1544 3424 Gregorius
1595 3348 1979 3415 Turonensis,
2015 3348 2072 3402 in

421 3454 571 3509 Vitis
583 3448 914 3512 Patrum,in
928 3444 1150 3500 Nicetio
1165 3440 1541 3513 Lugdunensi
1557 3440 1891 3510 episcopozu
1908 3437 2072 3494 Nam-

423 3561 537 3616 que
569 3540 669 3596 ubi
701 3539 895 3593 deciso
953 3531 1206 3600 cucullo,
1241 3529 1458 3602 aptatis
1490 3527 1803 3600 pedulibus
1833 3527 1936 3598 (ita
1966 3531 2080 3617 Ms.

427 3649 530 3704 pro
553 3627 804 3702 pedulis)
830 3625 1003 3698 pedes
1032 3620 1278 3692 operuit,
1298 3618 1588 3690 extemplo
1612 3621 1881 3689 arreptus
1904 3634 1936 3672 a
1958 3617 2077 3671 daa-

434 3737 607 3777 mone
642 3717 758 3772 ruit
787 3717 845 3770 in
880 3712 1300 3786 pavimentum.
1334 3732 1361 3758 ‹‹
1397 3709 1608 3780 Guigo,
1642 3708 1890 3779 quintus
1923 3707 2081 3778 prior

422 3812 625 3884 primae
649 3805 987 3872 Carthusize,
1017 3803 1074 3856 in
1098 3801 1228 3856 Vita
1249 3799 1516 3870 Hugonis
1541 3797 2079 3862 Carthusiani,Gra-

421 3897 829 3971 tianopolitani
851 3892 1130 3966 episcopi,
1153 3893 1350 3944 narrat
1381 3888 1676 3958 quomodo
1708 3892 1874 3958 Hugo
1905 3885 2082 3940 Odol-

423 3993 612 4050 ricum
641 3989 912 4044 Diensem
946 3982 1312 4053 episcopum,
1339 3977 1542 4031 habitu
1576 3976 1960 4031 Carthusiano
1993 3975 2079 4030 in-

425 4084 637 4145 duens,
664 4102 690 4129 ‹‹
713 4078 771 4132 id
795 4075 969 4131 etiam
1001 4072 1276 4126 mandare
1305 4068 1548 4134 curavit,
1576 4071 1641 4122 ut
1662 4066 1730 4121 de
1754 4066 1959 4136 caligis
1983 4081 2079 4137 pe—

430 4171 597 4227 dules
630 4166 1018 4229 abscinderet,
1038 4164 1329 4231 quatenus
1358 4163 1566 4228 prater
1598 4157 1773 4228 pedes
1805 4160 1965 4210 totus
1987 4156 2080 4225 ja-

430 4265 586 4316 ceret
611 4255 874 4310 vestitus.
903 4251 1143 4307 Dolebat
1172 4248 1329 4304 enim
1364 4245 1682 4302 nonnullos
1715 4244 1774 4299 in
1804 4243 2080 4315 religioso

430 4347 657 4413 habitu,
685 4345 754 4398 ad
780 4339 1104 4397 sanctitatis
1123 4336 1425 4405 injuriam,
1453 4335 1610 4389 tibiis
1629 4333 1884 4388 dormire
1902 4334 2082 4388 nuda-

430 4438 528 4493 tis.
566 4457 594 4485 »
630 4434 926 4502 Interpres
955 4425 1276 4492 Juvenalis,
1309 4428 1420 4479 sat.
1457 4424 1479 4478 4
1519 4441 1530 4477 :
1565 4447 1592 4472 ‹‹
1629 4423 1872 4478 Pedules
1908 4439 2083 4478 novos

425 4527 486 4581 in
508 4523 755 4580 braccis.
782 4522 938 4586 Quos
961 4517 1248 4588 pedornes
1280 4513 1504 4567 dicunt.
1532 4533 1560 4561 ››
1585 4512 1802 4566 Glossaa
1836 4511 2078 4567 Isidori:

2213 559 2365 614 idem
2399 560 2496 630 qui
2531 560 2748 632 Typico
2777 562 2941 617 Sabe:
2973 559 3353 630 ἐξυπνιαστής,
3389 560 3693 615 Excitatar
3724 560 3875 616 dici-

2212 653 2329 719 tur,
2356 650 2525 718 cujus
2552 659 2677 705 erat
2707 651 2764 706 in
2798 651 3012 723 vigiliis
3057 656 3114 707 et
3163 648 3485 724 ἀγρυπνίαις
3534 650 3782 706 circuire
3813 657 3875 708 et

2212 737 2615 795 somnolentos
2641 741 2909 796 excitare.
2936 741 3061 796 Non
3085 741 3331 798 videtur.
3355 739 3520 796 Clare
3550 739 3875 796 Heraclidis

2211 827 2498 898 interpres
2532 845 2652 884 rem
2687 830 2956 902 explicat.

2282 930 2521 982 Pnouzs.
2540 927 2837 994 Moschus,
2855 929 3028 983 Prato
3048 926 3366 1000 spirituali,
3386 943 3514 999 cap.
3542 927 3643 981 134
3669 943 3681 980 :
3711 949 3739 977 «
3760 933 3874 984 Ac-

2209 1013 2572 1086 cipiebatque
2619 1017 3030 1088 quotidianum
3083 1017 3446 1090 stipendium
3497 1033 3700 1072 novem
3752 1017 3869 1071 mi-

2210 1109 2372 1158 nuta.
2390 1127 2417 1154 ››
2443 1108 2635 1161 Graece
2659 1111 2769 1172 est,
2796 1100 3097 1178 ἐλάμϐανεν
3117 1104 3450 1180 ἡμερούσιον
3471 1103 3661 1181 φύλεις
3682 1103 3863 1161 πὲντε.

2207 1193 2588 1264 Epiphanius,
2615 1196 2684 1249 de
2705 1197 3063 1267 ponderibus
3082 1201 3139 1251 et
3157 1195 3450 1252 mensuris
3474 1211 3489 1251 :
3516 1193 3706 1264 Φόλης
3724 1192 3752 1249 8
3771 1195 3868 1248 καὶ

2203 1279 2488 1335 ταλάντων
2520 1280 2792 1353 καλεῖται,
2829 1281 3056 1338 διπλοῦν
3091 1281 3148 1338 δὲ
3179 1281 3321 1338 ἐστιν
3351 1282 3456 1337 ὐπὸ
3489 1279 3584 1336 δύο
3617 1282 3870 1358 ἆργῦρων

2206 1369 2555 1445 συγκείμενον
2577 1371 2628 1426 οἱ
2645 1371 2881 1446 γίνονται
2899 1373 2965 1439 σή
2987 1369 3238 1448 δηνάρια.
3255 1371 3353 1426 Καὶ
3387 1371 3532 1446 φόλη
3559 1369 3654 1426 δύο
3671 1372 3868 1427 Αεπτοὶ

2203 1460 2339 1513 κατά
2366 1460 2458 1514 τὸν
2492 1458 2849 1535 δηναρισμὸν,
2885 1460 3013 1517 ἀλλ’
3061 1461 3123 1516 οὐ
3171 1462 3307 1517 κατὰ
3352 1462 3444 1516 τὸν
3497 1462 3867 1537 ἀργυρισμόν.

2208 1569 2236 1602 ι
2268 1551 2444 1606 Follis
2476 1552 2596 1608 sive
2627 1553 2915 1608 talentum
2950 1570 3194 1625 parvum
3219 1570 3287 1608 ex
3310 1553 3543 1608 duobus
3565 1553 3867 1626 argenteis

2205 1646 2451 1711 constat,
2478 1641 2586 1697 hoc
2618 1648 2707 1697 est
2736 1643 2993 1698 denariis
3013 1643 3139 1698 208.
3165 1643 3304 1698 Item
3340 1641 3493 1698 follis
3517 1642 3565 1698 si
3589 1643 3658 1697 ad
3684 1643 3868 1697 dena-

2205 1730 2343 1796 rios,
2374 1747 2485 1786 non
2511 1731 2579 1786 ad
2606 1738 2915 1803 argenteos
2936 1733 3251 1805 redigatur,
3276 1733 3392 1788 duo
3416 1732 3648 1788 minuta
3679 1732 3869 1787 conti-

2205 1824 2320 1875 net.
2337 1841 2364 1869 »
2380 1820 2587 1876 Suidas
2605 1838 2616 1875 :
2637 1818 2847 1881 Φόλλις
2868 1818 3140 1897 φὸλλεως,
3159 1821 3186 1874 ὁ
3204 1814 3432 1881 ὀϐολός
3448 1817 3863 1890 πληθυντικῶς,

2200 1907 2326 1969 τοὺς
2360 1905 2606 1985 φόλλεις.
2640 1934 2667 1959 ‹‹
2703 1911 2922 1966 Phollis
2954 1911 3182 1980 obolus,
3214 1909 3522 1982 pluraliter
3551 1909 3802 1982 pholles.
3831 1934 3863 1960 »ι

2201 1997 2575 2055 Marcellinus
2606 2000 2834 2070 Comes,
2857 2001 2914 2055 in
2947 2000 3231 2056 Chronico
3265 2020 3278 2058 :
3315 2023 3343 2049 ‹‹
3378 1999 3672 2066 Nummis,
3708 2016 3864 2071 quos

2204 2087 2449 2142 Romani
2470 2089 3042 2158 teruntianos,Gra2ci
3063 2088 3351 2144 follerales
3368 2092 3594 2157 vocant,
3613 2093 3867 2144 Anasta-

2201 2178 2326 2233 sius
2355 2196 2460 2234 suo
2495 2180 2731 2236 nomine
2753 2181 3017 2252 ﬁguratis
3046 2179 3392 2252 placabilem
3415 2178 3568 2250 plebi
3595 2195 3867 2234 commu-

2200 2268 2481 2324 tationem
2513 2267 2808 2324 distraxit.
2845 2291 2872 2318 »

2273 2371 2706 2423 PHRANGELITE.
2761 2368 3059 2435 Moschus,
3105 2385 3231 2439 cap.
3268 2368 3357 2432 49,
3390 2365 3486 2438 qui
3529 2367 3866 2422 assistebant

2203 2454 2442 2512 lictores.
2472 2457 2664 2512 Graece
2696 2462 2804 2528 est,
2827 2455 2917 2510 καὶ
2947 2459 3063 2517 τοῖς
3094 2459 3402 2529 παρεστῶσι
3433 2450 3860 2530 φραγγελίταις,

2199 2545 2417 2618 Nempe
2476 2545 2709 2602 lictores
2757 2547 2838 2602 ita
2886 2548 3046 2613 dicti,
3079 2547 3235 2618 quod
3268 2542 3634 2622 φραγγὲλλια,
3667 2546 3724 2600 id
3760 2549 3860 2600 est

2195 2636 2446 2707 ﬂagella,
2464 2641 2780 2707 gestarent.
2798 2637 3008 2692 Notum
3027 2633 3269 2709 φραγγέλ
3281 2655 3383 2704 ιον,
3398 2652 3525 2708 cap.
3542 2635 3866 2706 nEvange-

2198 2723 2258 2778 lii
2279 2725 2743 2780 sanctiJoannis:
2763 2723 2865 2780 Καὶ
2884 2726 3120 2795 ποιήσας
3141 2723 3464 2801 φραγγὲλιον
3483 2722 3533 2776 ἐν
3557 2722 3854 2796 σχοινίωνε

2197 2817 2258 2870 Et
2286 2814 2498 2884 faciens
2543 2815 2829 2886 ﬂagellum
2853 2832 2923 2871 ex
2947 2815 3252 2886 funiculis.
3290 2815 3428 2869 Inde
3460 2811 3853 2890 φραγγελίτης,

2195 2905 2380 2960 lictor.
2407 2904 2689 2976 Georgius
2707 2904 3162 2975 Alexandrinus,
3178 2905 3235 2960 in
3258 2905 3390 2960 Vita
3412 2904 3812 2976 Chrysostomi
3833 2921 3851 2958 :

2192 2990 2462 3047 ’Δνελθὼν
2494 2991 2544 3047 ἐν
2576 2993 3017 3067 τῷρπισκοπείῳ
3061 2992 3271 3049 κεΛεύει
3320 2990 3719 3068 ἀσφαλισθῆναι
3750 2991 3854 3054 τὰς

2195 3079 2360 3156 Θύρας
2388 3081 2550 3137 αὐτοῦ
2581 3082 2668 3136 καὶ
2699 3090 3009 3157 τηρηθῆναι
3054 3081 3252 3145 ταύτας
3283 3080 3388 3138 ὕπὸ
3420 3085 3526 3137 τῶν
3561 3080 3853 3154 ὑπηρετῶν

2191 3170 2279 3225 καί
2311 3169 2682 3248 φραγγελιτῶν
2715 3179 2814 3242 τῆς
2845 3171 3158 3242 ἐκκλησίας.

2263 3261 2740 3318 ΡιττλοιυΜΝἱιδ
2768 3263 3013 3319 Joannis
3043 3262 3522 3334 Eleemosynarii,
3559 3279 3689 3333 cap.
3724 3261 3790 3315 IO
3827 3278 3843 3317 :

2185 3374 2211 3400 «
2238 3352 2544 3406 Proferens
2560 3353 2630 3407 de
2644 3353 2988 3408 honoranda
3012 3369 3189 3408 manu
3214 3369 3324 3408 sua
3349 3351 3445 3406 ille
3467 3355 3707 3408 sanctus
3725 3351 3846 3422 pit-

2183 3442 2422 3495 tacium.
2449 3463 2476 3489 ››
2502 3441 2568 3496 Et
2598 3458 2724 3512 cap.
2748 3443 2813 3496 51
2844 3458 2906 3496 :«
2930 3442 3128 3514 Neque
3158 3441 3276 3497 ullo
3307 3443 3481 3497 modo
3504 3439 3843 3496 inveniatur

2184 3547 2216 3584 a
2237 3530 2495 3601 quolibet
2527 3530 2827 3602 pittacium
2858 3530 2967 3586 hoc
3000 3531 3337 3602 aliquando.
3375 3552 3403 3580 ››
3435 3531 3596 3596 Quod
3629 3530 3840 3585 eodem

2184 3620 2372 3690 capite
2405 3619 2718 3691 aliquoties
2748 3621 3055 3690 repetitur.
3080 3620 3188 3675 Alii
3211 3621 3481 3676 scribunt
3498 3621 3834 3691 pyctacium.

2183 3709 2492 3764 Zacharias
2540 3727 2685 3780 papa
2736 3710 3026 3765 Bonitacio
3058 3710 3230 3781 epist.
3265 3710 3388 3775 142,
3419 3709 3571 3765 inter
3595 3708 3839 3763 Bonifa-

2185 3800 2385 3855 cianas
2413 3815 2426 3853 :
2454 3822 2479 3848 α
2499 3799 2893 3854 Continebant
2912 3799 3068 3854 enim
3093 3799 3352 3871 capitula
3384 3799 3440 3853 in
3470 3797 3732 3870 pyctacio
3759 3799 3833 3852 ab

2186 3889 2270 3944 eis
2295 3893 2580 3959 pcrrecto.
2607 3911 2633 3938 »
2659 3888 2763 3944 Ubi
2787 3888 3050 3945 Serarius
3077 3893 3311 3945 noster:
3340 3889 3512 3944 Recte
3549 3903 3684 3943 vero
3716 3892 3840 3942 tam

2184 3977 2479 4031 πυκτάκιον
2511 3994 2684 4049 quam
2716 3977 2997 4031 πιττάκιον
3029 3979 3328 4044 scribitur,
3355 3983 3563 4049 estque
3608 3977 3846 4048 proprie

2186 4067 2364 4138 panni
2399 4066 2739 4135 frustulum,
2773 4072 2829 4122 et
2863 4084 2964 4139 per
2994 4066 3475 4136 similitudinem,
3506 4065 3844 4121 indiculum

2187 4156 2423 4227 aliquod
2449 4156 3094 4223 membranaceum,aut
3113 4155 3627 4212 chartaceum.Sed
3649 4153 3793 4208 illud
3811 4171 3853 4208 a

2186 4245 2592 4317 complicando
2625 4245 2880 4312 ducitur,
2908 4246 3013 4301 hoc
3035 4261 3170 4300 vero
3192 4245 3521 4301 etiamnum
3545 4244 3695 4316 apud
3717 4244 3851 4299 His-

2188 4351 2371 4407 panos
2389 4334 2802 4405 etAquitanos,
2827 4334 3182 4406 exiguacum
3200 4333 3510 4389 inﬂexione
3532 4333 3851 4400 usitatum,

2185 4425 2393 4495 pedum
2418 4428 2474 4479 et
2503 4425 2694 4492 pedes,
2727 4425 2881 4495 apud
2917 4423 3115 4479 Gallos
3145 4439 3254 4479 une
3276 4423 3445 4495 piece.

2259 4513 2592 4568 Hadrianus
2613 4513 2916 4578 Junius,in
2939 4512 3391 4568 Nomenclatura
3411 4511 3708 4568 existimat
3724 4510 3854 4580 pit-

424 4638 452 4665 ‹‹
481 4615 731 4676 Pedana,
756 4606 987 4680 pedulis
1011 4602 1339 4673 novus,qui
1359 4601 1557 4672 caligae
1578 4601 1892 4655 assultur.»
1911 4602 2075 4656 Glos-
2110 4605 2152 4668 ι)
2183 4606 2392 4658 tactum
2421 4603 2714 4658 detortum
2749 4603 2895 4658 forte
2927 4619 2960 4658 a
2979 4603 3244 4674 pellacia,
3265 4618 3381 4674 quo
3412 4601 3552 4657 corii
3585 4615 3854 4673 prasag-

424 4722 500 4761 sae
525 4699 814 4758 Benedicti
844 4714 855 4752 :
883 4689 1177 4758 Πεδούλια,
1211 4687 1394 4745 ποδῶν
1423 4685 1781 4760 καλύμματα.
1815 4688 1953 4750 τινὲς
1983 4690 2081 4764 ἁρ-

419 4788 997 4867 τάριαὴρμήνιυσαν.»
1020 4779 2081 4852 Pedulia,pedumintegumenta,qui-

426 4885 563 4938 dam
599 4877 813 4935 arteria
844 4874 1287 4943 interpretatur.
1319 4889 1347 4918 »

496 4995 916 5044 Psmonamss.
949 4979 1213 5044 Circitor,
1246 4976 1553 5046 lustrator,
1583 4974 1871 5033 visitator.
1904 4975 2080 5031 Hera-

417 5079 623 5148 clides,
660 5092 785 5146 cap.
808 5073 880 5126 25
909 5088 920 5124 :
946 5092 973 5120 ‹‹
1004 5065 1289 5139 Evagrius
1310 5065 1468 5120 ﬁlius
1501 5065 1827 5137 presbyteri
1862 5064 2079 5120 multa-

421 5184 556 5224 rum
579 5165 957 5222 ecclesiarum
995 5173 1197 5213 curam
1230 5154 1509 5227 gerentis,
1533 5170 1682 5224 quos
1705 5153 2080 5210 Periodentas

425 5260 656 5312 vocant.
685 5276 711 5302 n
735 5251 901 5307 Clare
924 5248 1019 5303 hic
1042 5245 1400 5301 Periodeuta:
1425 5242 1686 5299 ofﬁcium
1711 5243 2078 5313 exprimitur,

423 5345 580 5418 quod
629 5357 841 5397 nomen
881 5339 938 5393 in
974 5335 1193 5392 Codino
1228 5351 1341 5388 non
1376 5336 1694 5404 comparet.
1721 5332 1890 5402 Apud
1925 5332 2083 5388 Gen-

425 5430 756 5498 nadium,in
783 5426 1074 5499 Enclyclio
1091 5425 1184 5480 hic
1198 5424 1338 5479 ordo
1359 5423 1675 5478 statuitur:
1693 5444 1719 5471 «
1739 5419 2081 5493 Episcopus,

424 5521 902 5594 chorepiscopus,
937 5515 1328 5588 periodeutes,
1364 5515 1686 5586 presbyter,
1721 5513 2023 5568 diaconus.
2052 5534 2077 5566 »

423 5616 571 5672 Vide
593 5609 943 5673 Meursium,
966 5605 1023 5660 in
1047 5604 1343 5660 Glossario
1366 5602 1844 5660 Graecobarbaro.
1863 5602 2082 5659 Viden-

421 5710 521 5764 tur
541 5716 699 5759 nunc
721 5712 870 5770 quos
892 5709 1170 5751 vocamus
1193 5692 1422 5751 decanos
1435 5690 1869 5761 rurales,simili
1888 5693 2079 5751 ofﬁcio

2193 4693 2355 4748 mina
2380 4691 2621 4747 exiliora
2650 4692 2929 4747 denotant
2957 4697 3160 4748 Dores.

2261 4788 2698 4861 Moschopulus,
2730 4787 2859 4862 Περὶ
2893 4784 3103 4862 σχεδῶν
3132 4806 3144 4845 :
3173 4785 3442 4843 ΙΙεττῦκια
3475 4785 3642 4859 Δοριὰ
3669 4786 3857 4840 λεπτᾶ

2189 4880 2428 4951 περιτμή
2443 4898 2583 4951 ματα
2610 4881 2718 4932 τῶν
2749 4874 3078 4951 δερματίων,
3095 4876 3188 4954 ἀφ’
3209 4877 3270 4930 οὗ
3293 4879 3454 4948 ἡμεῖς
3475 4876 3732 4930 πιττάκια
3756 4874 3855 4929 λέ-

2188 4989 2354 5043 γομεν
2380 4986 2393 5023 :
2427 4991 2455 5019 «
2491 4968 2743 5041 Pettycia
2774 4969 2977 5024 Dorice
3008 4967 3288 5024 dicuntur
3320 4967 3522 5022 tenuia
3552 4967 3856 5022 coriorum

2190 5058 2600 5130 praesegmina,
2634 5058 2788 5113 unde
2821 5074 2928 5113 nos
2959 5057 3201 5129 pittacia
3232 5057 3506 5112 dicimus.

2257 5157 2665 5225 Casaubonus,
2690 5157 2760 5210 ad
2783 5155 3180 5211 Alexandrum
3201 5155 3478 5210 Severum
3500 5152 3859 5224 Lampridii,

2188 5244 2314 5300 vult
2335 5241 2616 5298 πιττάκιον
2649 5243 2871 5298 dictum
2897 5242 3002 5296 ἀπὸ
3029 5247 3132 5310 τῆς
3162 5239 3378 5308 πίττης.
3403 5242 3555 5297 Sunt
3575 5242 3733 5297 enim
3759 5241 3857 5295 in-

2191 5335 2341 5406 quit,
2365 5333 2490 5405 pice
2510 5332 2595 5387 vel
2621 5331 2846 5387 maltha
2866 5331 3024 5387 illita
3048 5332 3251 5388 breves
3273 5329 3525 5398 tabellae,
3542 5330 3602 5384 in
3626 5331 3858 5402 quibus

2189 5423 2379 5495 elogia
2397 5421 2890 5490 scribebantur,et
2910 5421 2967 5475 id
2992 5437 3179 5494 genus
3202 5419 3338 5489 alia,
3355 5436 3485 5493 qua
3507 5420 3712 5492 paucis
3729 5435 3863 5474 ver-

2189 5513 2279 5568 bis
2309 5515 2560 5584 possunt
2590 5511 3029 5582 comprehendi.

2261 5600 2419 5656 Abiit
2442 5605 2642 5673 postea
2671 5599 2962 5672 pittacium
2992 5615 3095 5656 seu
3123 5600 3430 5672 pettycz’um
3449 5597 3508 5654 in
3527 5597 3703 5671 pelia,
3725 5613 3851 5669 quo

2188 5689 2482 5764 posterius
2511 5706 2694 5746 sevum
2729 5690 2933 5746 utitur.
2967 5689 3258 5747 Henricus
3288 5687 3750 5757 Rebdorﬁ'ensis,
3783 5687 3859 5745 in
