4186 6326
24 3308 33 3427 l

22 3502 29 3565 ι

22 3904 31 4103 l

360 422 474 478 485
1086 428 1593 489 ONOMABTICON
1632 434 1891 489 RERUM
1928 433 2023 489 ET
2058 435 2459 493 VERBORUM
2496 439 3061 502 DIFFICILIORUM.
3672 450 3777 507 486

359 550 712 642 Annalibus,
756 567 910 607 anno
945 552 1075 607 1361
1099 569 1113 609 :
1140 576 1170 604 ‹‹
1203 557 1346 610 Item
1371 554 1570 612 clavus
1593 573 1728 612 cum
1768 555 2007 628 aliquali
2037 562 2093 629 Α
2122 562 2803 631 poseam,etlenticulam
2820 585 2922 640 per
2938 568 3129 627 solum
3145 570 3771 642 bienniumgustans.»

359 640 521 713 petia
546 640 692 712 ligni
716 649 932 697 sanctae
964 643 1177 698 crucis.
1198 646 1344 700 Item
1380 645 1535 717 petia
1559 646 1784 703 brachii
1806 654 2021 704 sanctas

362 734 569 786 Anum.
607 730 749 785 Item
783 732 937 803 petia
968 734 1221 803 chordae,
1255 751 1371 805 qua
1393 734 1657 791 Christus
1689 737 1798 791 fuit
1827 738 1897 792 ad
1922 755 2017 794 co-

357 822 633 877 lumnam
666 820 906 893 ligatus.
937 844 966 873 »
1001 821 1196 878 Utitur
1219 828 1274 880 et
1294 825 1694 882 Theodoricus
1717 828 1788 883 de
1812 828 2019 900 Appel-

360 912 461 967 dia
495 912 836 983 praefatione
862 918 993 967 ante
1024 913 1217 969 Vitam
1251 916 1434 970 sancti
1468 917 1780 987 Dominici,
1812 919 1847 971 5
1870 920 2015 990 Aug.

431 1006 807 1057 PLUMATIUM.
840 1001 1134 1073 Pelagius,
1169 1002 1365 1059 libello
1397 1021 1495 1072 v11,
1528 1022 1583 1060 n.
1612 1006 1715 1060 1οε
1750 1028 1778 1056 ‹‹
1811 1008 1880 1062 Et
1906 1012 2021 1063 tra-

358 1093 445 1147 xit
476 1108 661 1147 unum
695 1108 907 1163 corpus
940 1093 1050 1147 sub
1071 1096 1247 1164 caput
1267 1110 1442 1149 suum
1473 1099 1754 1166 tanquam
1790 1096 2018 1167 pluma-

355 1182 506 1238 tium
539 1182 611 1237 de
654 1181 868 1252 scirpo.
904 1203 931 1230 ››
965 1180 1182 1237 Glossae
1214 1182 1609 1239 Graecolatinaa
1641 1181 2017 1259 πλουμάιειον,

348 1268 699 1343 πλουμμίον,
742 1271 1106 1341 plumacium.
1142 1273 1497 1329 Anastasius
1528 1276 1587 1330 in
1619 1276 1855 1346 Sergio:
1894 1296 1919 1329 α
1954 1279 2016 1332 In

353 1378 474 1433 quo
489 1360 739 1416 interius
760 1359 1113 1430 plumatium
1133 1378 1202 1417 ex
1214 1360 1538 1418 holoserico
1556 1366 2016 1437 superpositum,

357 1452 515 1523 quod
566 1449 856 1506 stauracis
889 1449 1128 1517 dicitur,
1161 1451 1403 1507 invenit.
1442 1474 1470 1502 ››
1504 1452 2016 1511 Godf’ridusViter-

355 1540 577 1597 biensis
607 1539 826 1594 Chron.
863 1542 1025 1611 parte
1052 1556 1108 1594 Ix
1135 1555 1148 1594 :

515 1663 742 1714 Ultimus
773 1663 1006 1727 Assyria:
1043 1678 1135 1729 rex
1166 1664 1387 1715 nomine
1419 1665 1790 1729 Sardanapala

514 1729 731 1778 Fecerat
760 1742 826 1777 ex
848 1730 1029 1790 pluma
1060 1728 1322 1790 plumatia
1356 1730 1572 1779 clausus
1605 1728 1832 1781 iu’aula.

356 1844 605 1916 Papias:
638 1866 665 1893 «
700 1843 1096 1911 Plumaclum,
1132 1844 1404 1915 pulvinar
1434 1863 1465 1901 a
1498 1846 1701 1917 pluma
1724 1846 1957 1903 dicitur.
1986 1870 2013 1900 »

356 1933 726 1989 Glossarium
759 1933 1222 1990 Camberonense
1242 1938 1351 1991 Ms.
1385 1957 1412 1983 ‹‹
1445 1935 1744 2005 Pulvinar,
1769 1938 2014 2009 capitale
2045 1957 2091 2022 B

360 2022 720 2095 plumatum.
756 2045 785 2073 »

426 2115 793 2170 POEMENIUM.
847 2112 1162 2181 Pallajius,
1195 2130 1324 2186 cap.
1358 2115 1467 2171 77:
1515 2136 1543 2165 «
1594 2115 1723 2171 Vixi
1768 2133 1903 2172 cum
1946 2132 2012 2174 eo

350 2221 509 2259 anno
544 2220 659 2259 uno
691 2203 751 2258 in
786 2202 1108 2273 Bethleem,
1142 2204 1379 2273 quando
1412 2204 1565 2259 sedit
1595 2205 1747 2261 ultra
1788 2206 2011 2262 Poame-

350 2295 539 2349 nium.
562 2314 590 2342 ››
626 2289 1016 2365 Συνέζησαγὰρ
1031 2288 1330 2364 ἐγὼτούτῳ
1344 2290 1429 2344 ἐπὶ
1455 2286 1640 2355 ἔτοςὲν
1658 2292 1708 2347 ἐν
1732 2292 2009 2367 Βηθλεὲμ,

353 2382 497 2451 ὁπην
510 2380 596 2435 ίκα
609 2379 887 2448 ἐκαθέζετο
902 2378 1149 2434 ἐπέκεινα
1162 2384 1269 2433 τῶν
1290 2383 1489 2454 Ηοιμεν
1501 2380 1601 2437 too.
1621 2384 2013 2442 Meursiushic

347 2476 549 2527 notat:
576 2470 860 2542 Intelligit
883 2470 1307 2525 monasterium
1325 2472 1556 2527 abbatis
1569 2472 1879 2541 Poemenis,
1906 2491 2011 2530 cu-

339 2564 445 2632 jus
480 2561 758 2616 meminit
788 2564 1044 2615 Joannes
1077 2560 1357 2616 Moschus
1390 2562 1705 2617 Limonarii
1733 2580 1860 2634 cap.
1886 2564 2009 2620 467.

346 2652 437 2706 Ita
466 2650 585 2705 ille.
639 2650 712 2705 Ut
741 2649 928 2716 video,
964 2650 1140 2703 etiam
1171 2650 1314 2704 viris
1353 2650 1501 2705 alias
1541 2651 2011 2723 diligentissimis

348 2757 516 2796 error
546 2740 703 2795 latus
730 2738 977 2810 obrepit.
1012 2739 1243 2794 Poemen
1266 2739 1513 2795 Palladii
1536 2740 1759 2811 aliquot
1780 2742 2009 2798 saeculis

346 2831 536 2887 distat
563 2847 596 2885 a
623 2830 890 2885 Pcsmene
924 2829 1166 2884 Moschi.
1198 2829 1303 2884 Hic
1333 2830 1553 2885 Moschi
1579 2829 1877 2886 solitarius
1900 2832 2011 2888 fuit

352 2922 505 2977 alter
532 2920 629 2975 ille
660 2918 926 2985 Palladii,
958 2919 1157 2973 abbas.
1192 2920 1259 2973 Et
1289 2919 1530 2990 quidem
1573 2920 1643 2974 de
1676 2925 1881 2976 neutro
1914 2921 2009 2976 hic

344 3008 569 3081 agitur,
595 3009 695 3063 sed
718 3008 1057 3063 Pazmem'um
1078 3007 1168 3063 hic
1191 3017 1272 3062 est
1297 3007 1461 3063 locus
1482 3010 1637 3080 apud
1662 3009 1955 3065 Betlheem
1978 3028 2010 3067 a

346 3099 693 3170 pastoribus
715 3098 798 3152 ita
812 3097 1029 3167 dictus,
1047 3097 1140 3153 ubi
1160 3102 1559 3168 apparuerunt
1575 3099 1658 3153 eis
1673 3098 1887 3170 angeli,
1903 3101 2004 3171 qui

344 3204 472 3243 non
508 3186 706 3257 procul
738 3203 771 3241 a
802 3185 1098 3241 Bethleem
1131 3186 1405 3255 distabat,
1441 3190 1505 3240 ut
1534 3186 1630 3240 hic
1656 3193 1920 3258 apparet,
1952 3193 2009 3243 et

340 3281 604 3332 testatur
649 3275 1040 3347 Hieronymus
1072 3273 1314 3346 epistola
1344 3277 1436 3344 27,
1469 3276 1541 3330 ad
1576 3276 1959 3332 Eustochium
1989 3296 2001 3335 :

345 3389 376 3417 ‹‹
417 3366 586 3421 Haud
621 3364 821 3436 procul
853 3365 989 3419 inde
1018 3362 1338 3431 Bethleem,
1373 3365 1760 3420 descenditad
1780 3369 2004 3422 turrem

346 3457 527 3521 Ader,
552 3456 612 3510 id
634 3460 743 3521 est,
768 3454 962 3526 gregis
988 3472 1001 3520 ;
1028 3455 1200 3525 juxta
1222 3470 1401 3524 quam
1422 3454 1601 3509 Jacob
1624 3454 1781 3526 pavit
1801 3472 2008 3527 greges

344 3562 494 3601 suos
525 3543 677 3613 (Gen.
712 3543 946 3614 xxxvu),
981 3549 1038 3598 et
1070 3548 1334 3614 pastores
1366 3548 1537 3599 nocte
1567 3543 1877 3615 vigilantes
1905 3562 2008 3600 au-

342 3635 475 3689 dire
490 3639 837 3689 meruerunt
852 3650 863 3689 :
880 3632 1077 3689 Gloria
1091 3633 1149 3687 in
1165 3632 1411 3687 excelsis
1428 3637 1539 3688 Deo
1554 3655 1583 3682 »
1597 3633 1612 3703 (
1625 3634 1782 3689 Luca?
1795 3634 1880 3704 ιι),
1896 3638 2006 3690 etc.

340 3725 539 3781 Distat
564 3723 684 3779 hac
702 3724 882 3779 turris
898 3723 1058 3777 mille
1074 3722 1348 3793 passibus
1364 3721 1701 3777 aBethleem
1715 3764 1729 3789 ,
1746 3723 1843 3776 ubi
1861 3727 2007 3777 tem-

346 3814 517 3887 plum
545 3821 798 3868 ereclum
826 3817 915 3867 est
931 3812 1001 3867 ab
1024 3810 1259 3877 Helena,
1283 3812 1365 3865 uti
1382 3810 2008 3881 testaturNicephorus

347 3903 458 3960 lib.
495 3920 619 3969 vm,
652 3918 777 3973 cap.
797 3903 886 3955 30.
922 3900 1286 3973 Epiphanius
1311 3900 1653 3965 Monachus,
1683 3901 1741 3955 in
1762 3901 2007 3956 Itinera-

350 3992 443 4048 rio
495 3992 980 4064 Jerosolymitano
1026 4007 1039 4045 :
1089 3991 1172 4045 Ad
1222 3990 1514 4045 Orientem
1567 3989 1859 4045 Bethleem
1918 3994 2006 4046 est

351 4083 663 4139 conditum
679 4081 1126 4147 monasterium,
1142 4081 1294 4150 quod
1314 4079 1715 4147 diciturOvile,
1733 4080 1831 4133 ubi
1846 4080 2007 4135 visus

351 4177 447 4228 est
499 4175 742 4244 angelus
792 4171 1146 4241 pastoribus,
1181 4169 1444 4240 dixitque
1484 4169 1663 4240 ipsis:
1710 4172 1944 4225 Cessate
1976 4188 2009 4225 a

350 4261 630 4334 gregibus
674 4260 1096 4316 custodiendis.
1132 4259 1388 4314 Clamate
1424 4258 1806 4314 celebrantes.
1840 4281 1868 4307 »
1903 4259 2009 4314 Vix

349 4350 582 4416 dubito,
614 4350 758 4420 quin
791 4350 847 4403 in
882 4352 1074 4404 Graeco
1089 4347 1605 4418 fueritllmpévcov,
1629 4347 1684 4401 id
1708 4352 1820 4413 est,
1844 4348 2002 4403 ovile.

427 4445 714 4496 POLLUTIO
750 4456 1065 4496 NOCTURNA.
1104 4437 1416 4505 Palladius,
1450 4455 1574 4509 cap.
1594 4438 1685 4507 22,
1708 4439 1778 4493 de
1797 4439 2005 4494 1048

351 4536 574 4602 Moyse,
625 4531 725 4602 qui
750 4530 898 4586 latro
931 4531 1139 4596 fuerat,
1192 4528 1467 4599 turpibus
1520 4528 1743 4583 sonniis
1781 4535 2005 4597 vexato,

353 4621 457 4692 qui
518 4620 590 4675 ob
623 4635 751 4674 eam
785 4636 1020 4675 causam
1053 4619 1440 4675 sacramentis
1468 4616 1820 4683 abstinebat,
1871 4635 2006 4673 cum

2123 648 2232 705 Ubi
2268 651 2543 708 tlervetus
2574 656 2828 711 novitius
2851 656 3092 713 Palladii
3120 658 3411 731 interpres
3424 677 3527 732 pro
3547 679 3770 734 pascam

2126 741 2319 810 posuit
2346 745 2651 809 ptisanam‘.
2684 747 2871 801 Etiam
2896 752 3059 803 vetus
3080 748 3321 805 Palladii
3347 750 3635 823 interpres
3657 754 3774 825 pti-

2124 845 2291 885 sanas
2332 831 2525 888 habet.
2558 835 2620 888 In
2669 835 2866 892 Graeco
2897 842 2987 893 est
3034 836 3349 913 ὀξύκρατον.
3400 841 3562 910 Post,
3613 845 3769 916 apud

2123 918 2509 991 Heraclidem,
2538 940 2587 980 c.
2622 925 2726 979 42:
2760 948 2788 975 α
2821 930 2931 982 Per
2959 927 3253 999 reliquum
3285 929 3389 985 aevi
3413 930 3507 987 sui
3539 936 3773 1005 tempus

2125 1026 2301 1081 posca
2331 1016 2387 1066 et
2416 1015 2571 1068 sicco
2604 1030 2751 1084 pane
2782 1021 3058 1073 contenta
3077 1018 3326 1076 vivebat.
3361 1042 3389 1069 »
3422 1020 3531 1076 Ubi
3566 1023 3771 1079 Herve-

2123 1106 2215 1153 tus
2246 1098 2306 1154 in
2355 1101 2612 1157 Palladio
2645 1120 2751 1159 suo
2783 1122 2883 1175 pro
2913 1122 3079 1175 posca
3125 1107 3366 1163 retinuit
3392 1116 3655 1182 oxycratn
3696 1128 3765 1168 ex

2121 1190 2337 1248 Graeco.
2384 1191 2545 1248 Certe
2595 1196 2761 1249 vetus
2811 1194 3059 1252 Lexicon
3092 1197 3539 1254 Graecolatinum
3589 1200 3768 1258 habet

2123 1276 2467 1351 Ὀξύκρατον,
2490 1298 2672 1352 posca.
2700 1283 2930 1341 Plinius
2954 1303 3211 1357 quoque,
3233 1287 3334 1343 lib.
3358 1306 3537 1356 xxvn,
3558 1306 3687 1361 cap.
3707 1291 3759 1345 4.

2120 1368 2291 1424 vertit
2315 1386 2364 1423 τα
2390 1371 2574 1427 Radix
2590 1373 3013 1446 decoquiturin
3034 1393 3209 1448 posca
3222 1377 3404 1434 doleri
3426 1379 3712 1436 dentium.
3739 1400 3768 1431 »

2121 1459 2275 1529 quod
2308 1459 2591 1517 Discoridi
2628 1462 2731 1519 lib.
2768 1480 2807 1518 ιι
2852 1465 3043 1536 capite
3079 1466 3202 1535 129,
3235 1466 3306 1522 de
3339 1468 3611 1535 ononide,
3665 1484 3769 1524 seu

2121 1548 2369 1631 anonide
2398 1555 2488 1605 est
2513 1568 2527 1605 :
2560 1550 2925 1624 Ἀφεψηθεῖσα
2956 1550 3013 1607 δὲ
3042 1556 3077 1622 ἡ
3112 1554 3231 1629 ῥίζα
3263 1554 3312 1609 ἐν
3342 1554 3649 1631 ἆξυκράτῳ,
3676 1557 3765 1612 καὶ

2121 1629 2550 1708 ὃιακΛυζομὲνη,
2580 1638 2744 1693 πόνον
2780 1637 3017 1695 ὀδόντων
3050 1642 3290 1713 πραΰνει.
3327 1629 3486 1701 Idem
3520 1646 3766 1718 Plinius,

2121 1722 2222 1780 lib.
2255 1742 2350 1792 xx,
2384 1743 2510 1799 cap.
2546 1729 2579 1782 4
2612 1746 2795 1797 poscas
2837 1732 3139 1801 meminit;
3174 1756 3203 1783 «
3234 1733 3414 1790 Sativi
3438 1735 3766 1806 raphaniin

2121 1830 2297 1884 posca
2311 1816 2765 1887 decocti,contra
2777 1822 3138 1891 serpentium
3156 1838 3386 1878 morsus
3399 1823 3727 1879 illinuntur.
3740 1845 3768 1872 »

2124 1903 2289 1968 Item,
2314 1904 2417 1960 lib.
2440 1923 2578 1974 χχιι,
2605 1910 2914 1979 capite25:
2946 1933 2965 1959 ι
2992 1911 3076 1966 Ad
3097 1911 3616 1980 jocinerisdolores
3637 1929 3767 1969 eam

2121 1993 2395 2063 (farinam
2429 1996 2653 2068 hordei)
2685 2015 2819 2053 cum
2846 2016 3022 2069 posca
3052 2002 3331 2072 concoqui
3357 2018 3505 2073 opus
3535 2006 3645 2071 est,
3671 2007 3775 2059 aut

2120 2099 2253 2139 cum
2285 2087 2441 2142 vino.
2478 2108 2505 2136 ››
2540 2087 2607 2143 Et
2640 2104 2851 2144 nomen
2884 2090 2992 2145 hoc
3018 2090 3331 2162 aliquoties
3354 2093 3556 2147 eodem
3583 2092 3773 2164 capite

2119 2175 2347 2245 repetit.
2400 2176 2582 2240 Idem,
2619 2176 2771 2233 libro
2801 2196 2931 2246 xxx,
2965 2196 3093 2252 cap.
3126 2181 3197 2236 7:
3240 2200 3263 2229 α
3293 2182 3566 2237 Tormina
3596 2184 3769 2237 sanat

2119 2263 2431 2334 palumbus
2482 2267 2661 2335 ferus,
2706 2284 2773 2322 ex
2790 2286 2966 2339 p‘Jsca
2984 2271 3280 2325 decoctus.
3303 2293 3331 2322 ι)
3348 2274 3661 2327 Suetonius
3680 2271 3776 2326 Vi-

2119 2352 2296 2421 tellio,
2350 2355 2534 2425 capite
2563 2373 2676 2411 xu:
2702 2379 2727 2406 ‹‹
2752 2358 2896 2413 Cum
2930 2360 3185 2415 Puteolis
3218 2376 3456 2431 poscam
3503 2360 3764 2415 venden-

2115 2443 2234 2496 tem
2284 2443 2786 2514 deprehendisset.
2822 2468 2850 2495 »
2900 2448 3266 2518 Spartianus,
3320 2448 3379 2503 in
3432 2448 3768 2505 Hadriano:

2122 2530 2328 2586 «Cibis
2384 2533 2559 2588 etiam
2612 2535 3012 2592 castrensibus
3058 2536 3118 2591 in
3164 2537 3472 2609 propatulo
3520 2537 3773 2593 libenter

2118 2624 2313 2689 utens,
2346 2620 2456 2677 hoc
2478 2627 2588 2689 est,
2612 2623 2821 2689 larido,
2846 2641 3034 2692 caseo,
3060 2631 3115 2681 et
3142 2642 3336 2697 posca,
3360 2626 3623 2698 exemplo
3646 2627 3772 2682 Sci-

2121 2707 2708 2779 pioniszEmiliani,et
2722 2712 2961 2781 Metelli,
2982 2718 3038 2768 et
3059 2714 3316 2770 auctoris
3339 2716 3433 2771 sui
3453 2715 3714 2786 Trajani.
3740 2736 3768 2764 »

2128 2795 2432 2854 Cornelius
2465 2799 2691 2870 Celsus,
2713 2802 2861 2858 libro
2888 2819 2952 2857 ιιι
2982 2820 3043 2857 ;‹‹
3066 2803 3200 2858 Dari
3224 2808 3419 2876 potest
3437 2803 3660 2874 intrita,
3682 2802 3771 2859 vel

2125 2902 2194 2941 ex
2224 2904 2378 2958 aqua
2407 2887 2613 2959 calida,
2647 2890 2731 2945 vel
2767 2907 2833 2946 ex
2866 2908 3060 2962 posca.
3096 2916 3118 2945 ι
3156 2893 3486 2949 Alexander
3517 2892 3766 2948 Trallia-

2118 2992 2246 3042 nus,
2300 2976 2446 3032 libro
2477 2996 2532 3033 χι
2560 2995 2572 3034 :
2608 2977 2823 3054 Πάρεχε
2853 2976 2910 3033 δὲ
2959 2980 3109 3051 αὐτῷ
3136 2981 3243 3054 πρὸ
3276 2981 3488 3055 ἡμέρας
3517 2979 3768 3054 εὐπὲπτῳ

2115 3057 2255 3133 ὄντι,
2285 3066 2319 3133 ἡ
2351 3064 2427 3127 εἷς
2454 3064 2701 3141 ῥοσάτον,
2735 3069 2769 3137 ἢ
2803 3067 2878 3129 εἷς
2905 3069 3142 3141 φούσκαν
3169 3087 3182 3125 :
3221 3091 3245 3123 α
3278 3072 3473 3127 Pridie
3501 3072 3646 3127 bene
3668 3088 3764 3127 ex-

2114 3160 2344 3209 coctum
2376 3155 2615 3228 impone
2642 3165 2833 3213 ros-ito
2867 3158 2953 3213 vel
2986 3175 3194 3230 poscas.
3228 3179 3255 3213 ι

2188 3262 2569 3319 Confundunt
2592 3264 2858 3336 plerique
2881 3266 3257 3336 grammatici
3278 3270 3335 3322 et
3356 3266 3771 3339 Lexicographi

2124 3353 2477 3408 recentiores
2504 3370 2743 3425 poscam,
2778 3371 2911 3409 cum
2941 3354 3066 3410 (ora
3087 3354 3174 3410 vel
3203 3355 3392 3429 zytho,
3416 3372 3563 3427 quos
3583 3357 3774 3412 redar-

2124 3441 2251 3513 guit
2274 3443 2569 3514 Brodeus,
2590 3443 2737 3499 libro
2756 3460 2831 3510 ιν,
2874 3443 3211 3512 Miscellan.,
3246 3462 3374 3517 cap.
3393 3462 3457 3500 ιι.
3482 3449 3543 3500 In
3563 3445 3768 3501 eadem

2123 3532 2396 3602 opinione
2426 3532 2537 3587 fuit
2558 3534 2731 3588 etiam
2759 3538 2963 3589 auctor
2980 3533 3260 3590 Glossarii
3283 3534 3768 3591 Camberonensis

2124 3620 2532 3692 manuscripti,
2553 3623 2693 3677 dum
2718 3623 2798 3677 ait
2823 3639 2835 3678 :
2860 3645 2886 3672 «
2918 3628 3116 3691 Pusca,
3142 3623 3346 3679 vinum
3368 3624 3718 3679 secundum.
3738 3645 3760 3673 ν

2120 3709 2336 3763 Vinum
2389 3714 2583 3765 autem
2618 3711 2964 3777 secundum,
2998 3728 3102 3767 seu
3133 3713 3573 3781 secundarium,
3620 3712 3767 3768 nihil

2122 3798 2280 3854 aliud
2314 3802 2405 3853 est
2435 3814 2612 3870 quam
2637 3798 2780 3854 lora.
2814 3799 2962 3863 Quid
2988 3799 3191 3855 vinum
3217 3803 3544 3856 secundum
3579 3801 3653 3856 sit
3675 3819 3771 3857 ex-

2123 3887 2300 3960 plicat
2332 3889 2483 3943 idem
2517 3888 2878 3944 Glossarium
2906 3905 2920 3944 :
2955 3910 2983 3939 «
3019 3889 3182 3944 Acini
3208 3890 3486 3944 dicuntur
3503 3891 3770 3961 projects

2122 3994 2366 4033 uvarum
2397 3977 2677 4049 reliquiae,
2698 3982 2755 4033 et
2779 3978 2908 4035 ideo
2930 3978 3171 4050 corripit
3192 3978 3598 4049 penultimam.
3614 3980 3769 4042 Quo-

2121 4068 2281 4123 niam
2316 4084 2430 4124 non
2475 4069 2544 4123 de
2577 4068 2835 4134 nomine,
2871 4069 2971 4123 sed
3007 4070 3077 4123 de
3122 4068 3299 4123 verbo
3333 4068 3628 4122 derivatur
3658 4068 3769 4124 hoc

2119 4174 2372 4213 nomen:
2404 4158 2493 4212 hic
2516 4157 2742 4226 acinus,
2776 4157 2956 4226 hujus
2987 4156 3160 4212 acini.
3196 4158 3442 4212 Acinum
3464 4174 3599 4212 vero
3624 4174 3766 4213 neu-

2118 4247 2343 4302 traliter
2390 4246 2623 4314 dicitur,
2658 4261 2773 4316 qua
2802 4244 3077 4300 lavantur
3104 4262 3225 4300 uvas
3263 4250 3396 4316 post
3424 4261 3764 4317 expressum

2116 4336 2319 4390 vinum
2340 4352 2351 4390 :
2372 4335 2607 4390 acinum
2623 4334 2863 4404 dictum,
2891 4335 3060 4405 quasi
3086 4334 3390 4405 aquidum,
3416 4339 3772 4407 vocaturque

2117 4426 2318 4480 vinum
2351 4425 2701 4494 secundum,
2736 4428 2789 4479 et
2823 4429 2912 4478 est
2942 4429 3115 4495 potus
3147 4440 3471 4479 servorum.

2188 4532 2335 4597 Quid
2363 4548 2537 4602 posca
2558 4548 2659 4587 seu
2693 4530 2901 4603 φούσκα
2932 4531 3030 4599 sit,
3054 4531 3307 4605 explicat
3338 4532 3617 4589 Phaamon
3655 4532 3770 4603 Gy-

2121 4621 2388 4692 nosophii
2420 4638 2546 4692 cap.
2581 4622 2650 4677 '7:
2685 4620 2906 4674 Φούσκα
2938 4617 2995 4674 δὲ
3027 4619 3168 4674 ἐστιν
3194 4616 3338 4691 ὄξος,
3369 4619 3458 4675 καὶ
3479 4618 3623 4695 ὕδωρ
3648 4632 3773 4697 θερ-

353 4690 493 4768 eum
536 4712 797 4767 Isidorus
853 4711 1154 4783 presbyter
1203 4710 1273 4764 ab
1302 4708 1373 4763 iis
1421 4707 1751 4773 liberasset,
1783 4708 1864 4763 ait
1912 4708 1962 4763 ei
1994 4725 2006 4763 :
2042 4690 2087 4755 D
2123 4708 2245 4780 μὸν,
2270 4690 2366 4762 imi
2400 4690 2607 4762 (Ila—860
2634 4726 2693 4763 :«
2723 4709 2824 4764 Est
2855 4709 3081 4778 phusca
3103 4726 3205 4765 seu
3228 4726 3428 4782 posca,
3452 4690 3682 4765 acetum
3709 4690 3775 4766 'et

358 4825 381 4852 ι
402 4803 557 4857 Bono
580 4802 859 4873 deinceps
891 4806 948 4856 et
971 4802 1170 4855 fidenti
1206 4798 1403 4854 animo
1426 4799 1799 4853 communica
1818 4815 2010 4854 sacra-

358 4892 598 4947 mentis.
626 4916 654 4942 »
682 4892 842 4948 Unde
864 4895 1107 4963 apparet
1127 4889 1266 4944 olim
1286 4906 1354 4944 ex
1378 4889 1649 4961 religioso
1672 4888 1865 4945 animo
1889 4889 2009 4960 ple-

355 4998 572 5053 rosque
594 4981 1009 5037 communione
1027 4979 1387 5035 abstinuisse
1411 4978 1755 5049 cumturpia
1776 4978 2011 5035 somnia

354 5076 412 5125 et
442 5070 683 5141 pollutio
736 5075 1029 5126 nocturna
1059 5069 1130 5124 iis
1161 5070 1231 5123 de
1262 5075 1429 5122 nocte
1459 5067 1829 5138 obtigissent.
1862 5068 2009 5123 Vide

356 5159 702 5216 Cassianum
723 5158 1065 5215 accuratein
1093 5162 1439 5213 nocturnam
1462 5156 1800 5213 illusionem
1817 5157 2008 5227 inqui-

356 5257 601 5317 rentem,
636 5248 833 5305 collat.
867 5265 1007 5316 χχιι,
1032 5247 1223 5319 capite
1256 5249 1308 5311 li,
1340 5248 1396 5314 5,
1417 5247 1470 5301 6.
1504 5246 1731 5302 Dubius
1752 5247 1926 5301 etiam
1948 5246 2007 5302 in

360 5338 467 5394 hac
497 5355 560 5394 re
602 5339 771 5395 haesit
798 5338 1161 5411 Augustinus
1192 5336 1516 5408 Anglorum
1557 5335 1877 5407 apostolus,
1910 5336 2007 5406 qui

355 5429 702 5500 Gregorium
737 5445 949 5501 papam
979 5428 1110 5482 ideo
1142 5426 1437 5481 censuluit
1455 5426 1608 5497 apud
1639 5424 2007 5491 Gratianum,

355 5518 492 5573 dist.
517 5519 576 5585 6,
607 5534 734 5589 cap.
784 5519 1201 5573 Testamentum.
1236 5516 1396 5570 Inter
1439 5514 1832 5571 Scholasticos
1863 5530 2005 5569 con-

353 5606 483 5662 sule
546 5607 873 5679 principem
924 5604 1421 5662 Scholasticorum
1466 5603 1667 5659 divum
1718 5603 2002 5659 Thomam

350 5697 732 5768 Aquinatem,
774 5714 838 5752 ιιι
864 5701 1045 5768 parte,
1076 5697 1167 5761 80,
1203 5699 1312 5750 art.
1346 5695 1400 5748 7.

427 5792 632 5845 Pasca.
675 5785 1031 5853 Heraclides,
1063 5785 1255 5858 capite
1284 5784 1386 5841 25:
1421 5804 1449 5835 «
1490 5782 1659 5839 Olera
1687 5786 1920 5840 tantum
1952 5787 2010 5840 et

2122 4815 2278 4869 aqua
2307 4798 2521 4869 calida,
2554 4804 2612 4855 et
2643 4815 2752 4854 ova
2782 4799 2918 4854 duo.
2957 4821 2978 4848 ι
3017 4801 3107 4855 Ita
3138 4799 3375 4870 quidem
3408 4798 3507 4854 ille
3538 4815 3774 4869 poscam

2123 4893 2288 4960 aptat
2320 4905 2422 4959 pro
2454 4887 2711 4944 remedio
2744 4888 2930 4954 canis,
2965 4888 3064 4959 qui
3098 4887 3363 4943 incaluit.
3395 4887 3555 4943 Alias
3598 4904 3774 4959 posca

2120 4977 2469 5049 simpliciter
2490 4983 2578 5033 est
2600 4979 2755 5049 potio
2778 4994 2845 5033 ex
2869 4994 3033 5049 aqua;
3056 4977 3324 5049 acetique
3345 4976 3602 5031 mixtura
3622 4980 3772 5031 tem-

2120 5072 2343 5139 perata,
2376 5084 2505 5138 quae
2539 5066 2908 5122 militibusin
2948 5083 3081 5133 usu,
3107 5082 3260 5138 saepe
3292 5064 3476 5121 solius
3501 5064 3646 5121 aceti
3666 5081 3771 5121 no-

2122 5156 2280 5211 mine
2312 5155 2679 5228 exprimitur.
2714 5155 2981 5222 Plautus,
3021 5155 3321 5210 Rudente:
3358 5176 3383 5206 ς‹
3418 5154 3529 5210 Sed
3557 5153 3652 5210 hic
3673 5170 3775 5211 rex

2127 5262 2261 5302 cum
2292 5250 2451 5301 aceto
2502 5262 2827 5317 pransurus
2857 5250 2945 5301 est
2974 5250 3032 5300 et
3055 5244 3197 5299 sale.
3229 5264 3253 5295 ι
3306 5243 3674 5315 Spartianus,
3706 5244 3768 5300 in

2128 5335 2447 5390 Pescennio
2472 5353 2486 5401 ;
2514 5334 2703 5390 Jussit
2730 5334 2934 5389 vinum
2966 5334 3025 5389 in
3056 5332 3421 5403 expeditione
3475 5334 3769 5391 neminem

2117 5424 2339 5490 bibere,
2372 5424 2475 5480 sed
2522 5429 2682 5479 aceto
2706 5424 3011 5479 universos
3042 5437 3171 5478 esse
3201 5427 3529 5479 contentos.
3561 5442 3587 5475 ι
3614 5422 3762 5478 Vul-

2119 5514 2396 5582 catius,in
2434 5514 2668 5571 Avidio:
2697 5534 2723 5566 ι
2749 5517 2962 5569 Praater
2982 5512 3335 5578 laridum,et
3349 5512 3768 5585 buccellatum,

2117 5607 2175 5660 et
2204 5608 2459 5661 acetum.
2498 5624 2525 5652 ››

2188 5693 2363 5748 Aliud
2388 5692 2596 5764 Opinor
2617 5694 2829 5769 φοῢσκα
2849 5691 3224 5765 Moschopulo
3247 5708 3260 5747 :
3284 5691 3499 5761 Φύσκη,
3522 5692 3557 5759 ἡ
3575 5691 3775 5752 κοινῶς

2118 5784 2325 5859 φοῦσκα
2350 5783 2613 5855 :Physca,
2628 5782 2939 5855 uulgariter
2949 5784 3174 5857 phusca.
3208 5788 3298 5839 An
3319 5778 3597 5852 intelligit
3615 5780 3777 5850 quod
