4186 6326
444 401 550 455 487

1166 388 1672 448 ONOMASTICON
1707 388 1967 444 BERUM
2004 388 2098 440 ET
2132 387 2535 443 VERBORUM
2576 388 3128 447 DIFFICILIORUM.

3750 390 3852 447 488

442 510 2083 601 Hesychia,edn-micorum,mirbmxbé'vrspov:«physca,
2118 513 2167 579 Α
2202 528 2415 569 nomen
2450 530 2597 581 esse,
2633 516 2703 571 ab
2727 520 2887 572 hasta
2916 516 3263 581 derivatum,
3291 516 3460 588 quasi
3494 517 3594 588 qui
3617 517 3853 575 hastam

442 615 804 675 ventriculus
836 620 891 667 et
920 611 1175 666 crassius
1204 608 1574 671 intestinum,
1605 604 1691 659 vel
1724 605 1877 675 quod
1912 603 2086 659 Coro-

439 726 527 765 me
563 706 842 777 pretiosae,
876 704 1104 763 φοῦσκα,
1135 699 1338 761 vesica,
1369 694 1523 762 κίστη
1548 695 1575 748 ?

510 798 951 851 POSTLIMINIUM.
997 789 1130 843 Vita
1175 785 1404 851 Malchi,
1452 801 1607 839 num.
1664 783 1731 837 4:
1769 787 1883 853 Ego
1927 781 2081 836 enim

440 888 615 955 longo
641 878 1004 954 postliminio
1030 876 1435 932 hmreditarius
1468 889 1785 944 possessor.
1820 891 1843 922 υ
1878 872 1993 925 Vox
2021 888 2089 925 ea

445 976 789 1042 Hieronymo
839 968 1054 1039 saepius
1102 969 1407 1036 usurpata.
1461 963 1637 1025 litem,
1670 961 1839 1031 epist.
1896 962 1979 1027 12,
2015 961 2083 1014 ad

440 1060 864 1120 Gaudentium:
904 1079 927 1109 (ι
956 1061 1018 1111 Et
1042 1060 1173 1128 post
1195 1070 1363 1108 neces
1380 1050 1718 1117 amicorum,
1745 1049 2085 1119 luctumque

440 1157 813 1225 perpetuum,
833 1146 1044 1201 infanti
1071 1159 1267 1207 senex,
1289 1142 1463 1213 longo
1485 1138 1841 1211 postliminio
1867 1138 2086 1193 scribe-

440 1257 584 1296 rem.
609 1262 637 1289 »
670 1240 850 1301 Idem,
886 1235 1110 1306 praefat.
1146 1239 1454 1287 comment.
1490 1230 1549 1284 in
1579 1229 1819 1284 Jonam:
1851 1247 1876 1277 ι(
1908 1228 2087 1295 Igitur

441 1334 606 1385 tanto
621 1332 754 1399 post
772 1331 1054 1396 tempore,
1070 1320 1237 1394 quasi
1254 1322 1401 1391 quod
1412 1336 1502 1373 am
1520 1316 1877 1389 postliminio
1892 1333 1923 1370 a
1936 1316 2085 1371 Jona

438 1415 867 1488 interpretandi
908 1412 1134 1467 initium
1169 1425 1428 1465 sumens.
1464 1430 1483 1455 η
1541 1406 1714 1473 ldem,
1749 1406 1807 1461 in
1844 1404 2080 1474 prologo

432 1511 651 1566 Josue:
691 1527 717 1555 ‹‹
752 1506 817 1559 Et
847 1503 1133 1557 omissum
1160 1500 1282 1568 jam
1319 1499 1418 1551 diu
1443 1513 1593 1566 opus
1622 1496 1792 1566 quasi
1825 1495 2081 1564 quodam

436 1594 798 1669 postliminio
818 1595 1093 1660 repetere.
1122 1610 1150 1638 »
1173 1586 1435 1642 Occurrit
1458 1586 1791 1655 frequenter
1811 1583 2081 1653 apudJu-

435 1683 857 1742 risconsultos:
887 1680 1027 1733 Vide
1058 1676 1302 1732 Lexicon
1326 1673 1622 1729 Brissonii.
1656 1672 1793 1739 Cic.,
1817 1688 1919 1742 pro
1944 1676 2080 1725 Cor-

438 1775 591 1831 nelio
624 1772 839 1827 Balbo:
892 1768 1040 1833 Quid
1072 1767 1120 1820 si
1153 1766 1260 1820 civi
1292 1766 1550 1818 Romano
1581 1761 1713 1816 licet
1742 1778 1871 1816 esse
1902 1760 2082 1815 Gadi-

435 1872 670 1926 tanum,
720 1860 839 1915 sive
879 1856 1104 1921 exsilio,
1157 1855 1275 1909 sive
1326 1852 1704 1922 postliminio,
1739 1850 1859 1904 sive
1898 1851 2077 1919 rejec-

435 1953 594 2009 tione
622 1951 802 2020 hujus
821 1946 1094 2003 civitatis.
1128 1942 1503 2005 Prudentius,
1525 1940 1583 1994 in
1602 1939 2075 2011 Hamartigenia:

584 2075 735 2125 Tunc
768 2070 1103 2128 postliminio
1134 2068 1449 2117 redeuntem
1482 2064 1706 2128 suscipit
1737 2064 1845 2113 alto

590 2088 735 2125 '1‘unc
808 2088 1103 2121 osmmlmo
1134 2088 1144 2117 ι

590 2140 740 2188 Cana
763 2088 893 2185 ἕαδε
920 2133 1144 2198 gremio.

432 2254 788 2319 Lactantius,
821 2251 923 2306 lib.
976 2267 1051 2314 IV,
1082 2265 1209 2319 cap.
1239 2247 1347 2301 22:
1379 2245 1436 2300 Si
1469 2244 1604 2317 quis
1647 2244 1719 2299 ab
1751 2243 1954 2300 inferis
1986 2260 2075 2300 re-

432 2346 600 2401 diens
632 2340 995 2413 postliminio
1028 2338 1208 2392 vitam
1243 2336 1578 2407 recepisset.

506 2437 918 2491 PREFECTIANI.
964 2429 1145 2483 Vetus
1180 2426 1417 2480 Palladii
1477 2423 1778 2492 Lausiaca;
1822 2440 1949 2495 cap.
1986 2423 2073 2494 15,

433 2526 505 2581 de
533 2521 776 2595 Evagrio
804 2536 816 2574 :
859 2538 879 2567 ι
912 2516 1113 2573 Adfuit
1143 2516 1191 2569 ei
1234 2512 1497 2586 angelica
1526 2512 1783 2568 visitatio
1813 2512 1872 2565 in
1908 2512 2072 2567 sche-

429 2618 583 2669 mate
628 2606 1008 2682 praefectiani.
1053 2628 1081 2655 ››
1138 2602 1435 2658 Palladius
1480 2602 1736 2669 Herveti,
1780 2617 1910 2677 cap.
1952 2602 2023 2655 25
2052 2618 2073 2655 :

426 2723 459 2757 ιι
490 2699 730 2757 Adstitit
760 2698 811 2751 ei
863 2696 1010 2751 visio
1043 2692 1312 2765 angelica
1345 2709 1458 2763 pra:
1495 2708 1556 2745 se
1589 2692 1779 2745 ferens
1820 2689 2072 2760 speciem

434 2790 623 2847 militu
636 2806 687 2842 m
712 2783 985 2858 praefecti.
1020 2806 1048 2833 ν»
1075 2784 1266 2836 Graece
1278 2789 1382 2849 est,
1401 2777 1630 2847 Ἐπὲστη
1645 2776 1791 2849 αὐτῷ
1804 2775 2068 2851 ἀγγελική

427 2877 657 2934 ὀπτασᾶκ
688 2875 740 2930 ἐν
773 2874 1021 2948 σχήματι
1054 2869 1387 2942 στρατιώτου
1415 2871 1512 2921 τοῦ
1543 2865 1810 2943 ἐπάρχου.
1836 2868 2073 2923 Novella

427 2971 550 3036 124,
590 2969 683 3022 17;
709 2966 793 3020 Ἐν
822 2961 965 3031 τάξει
988 2965 1094 3014 τῶν
1120 2956 1478 3028 ἐνδοξοτάτων
1513 2956 1768 3031 ἐπάρχων
1808 2956 2068 3032 ἀναφερό-

428 3078 601 3132 μενοι.
638 3080 663 3106 a
700 3054 1075 3126 Apparitores
1103 3048 1673 3122 magniﬁcentissimi
1696 3053 1751 3103 et
1773 3046 2064 3116 gloriosis-

426 3148 559 3206 simi
596 3143 849 3218 praefecti
883 3141 1169 3215 praetorio.
1206 3163 1232 3190 ›)
1282 3138 1496 3193 Concil.
1531 3138 1823 3204 Chalced.,
1867 3142 1975 3190 act.
2014 3138 2063 3190 1.

498 3238 860 3302 Passer-suros,
913 3227 1173 3304 ἔπαρχος.
1243 3229 1517 3284 Diversus
1591 3228 1684 3281 hic
1738 3244 1771 3280 a
1810 3224 2063 3295 praeside.

417 3334 581 3398 Saepe
612 3331 808 3379 tamen
843 3322 1193 3390 interpretes
1225 3316 1467 3391 ἔπαρχον
1499 3334 1612 3370 non
1639 3315 1747 3370 rite
1770 3313 2064 3384 prasitum

416 3420 673 3471 vertunt.
704 3410 1023 3477 Palladius,
1058 3425 1187 3480 cap.
1222 3409 1275 3462 5.
1303 3430 1327 3455 ‹‹
1367 3407 1507 3460 Eam
1531 3404 1786 3459 traderet
1810 3404 2077 3474 praefecto

422 3501 852 3568 Alexandrino;
884 3520 910 3549 ››
936 3499 993 3552 in
1028 3497 1246 3561 Graeco,
1272 3493 1517 3569 ἐπάρχῳ.
1542 3495 1824 3549 Hervetus
1844 3482 2080 3563 praesidi

420 3594 699 3654 verterat,
731 3595 788 3644 et
820 3588 902 3642 sic
936 3588 1113 3642 ferme
1147 3601 1395 3657 semper,
1422 3583 1777 3639 Alexandria:
1802 3590 1994 3637 autem
2020 3585 2075 3637 et

422 3685 687 3754 Egypto,
714 3697 826 3735 non
853 3696 1089 3751 praeses,
1114 3678 1210 3732 sed
1236 3676 1539 3748 praefectus
1563 3675 1930 3747 prmsidebat.
1955 3678 2070 3728 Sm-

422 3773 557 3845 pius
590 3786 824 3842 quoque
853 3768 911 3822 in
956 3768 1047 3822 his
1075 3766 1240 3821 libris
1272 3766 1526 3820 occurrit
1552 3763 1642 3816 ἀπ’
1673 3761 1938 3837 ἐπάρχου,
1972 3779 2069 3817 ca:-

2198 619 2300 657 seu
2335 608 2573 659 contum
2608 606 2833 677 regium
2867 606 3078 675 ferret;
3112 622 3204 661 sec
3237 605 3525 676 imposuit
3557 606 3641 661 illi
3672 606 3857 664 libra-

2196 693 2414 746 riorum
2440 694 2727 765 sequioris
2748 695 2850 749 aevi
2877 711 3025 763 mos,
3051 695 3150 765 qui
3176 694 3457 767 pleraque
3485 696 3851 768 aspirabant.
3898 762 3899 765 η

2195 782 2459 852 Epistola
2488 783 2809 838 Justiniani
2834 784 2975 855 imp.
2997 785 3067 838 ad
3093 782 3418 839 Placidium
3448 801 3462 840 :
3489 808 3518 835 «
3547 786 3691 841 Cum
3717 804 3857 858 por-

2193 873 2396 937 tubus,
2423 874 2618 945 aquis,
2653 892 3010 945 aquarumve
3036 876 3403 942 decursibus,
3431 875 3616 945 silvis,
3642 894 3854 948 proas-

2193 962 2292 1017 tiis
2358 984 2385 1011 »
2436 964 2783 1031 Germanus,
2834 964 2891 1018 in
2944 964 3236 1019 Sancitis:
3287 962 3393 1017 Κᾶν
3435 968 3757 1039 προάστειον
3810 966 3847 1036 ἢ

2199 1052 2565 1125 μοναστήριον
2581 1095 2593 1109 .

2266 1151 2470 1205 1049
2504 1151 2956 1207 PROTOCOMITES.
2979 1151 3450 1225 Πρωτοκωμίτης,
3489 1154 3705 1225 primus
3737 1173 3842 1212 seu

2188 1239 2444 1310 princeps
2470 1242 2627 1310 pagi.
2665 1240 2980 1308 Palladius,
3003 1241 3294 1297 Lausiaca).
3324 1242 3580 1298 historiae
3602 1261 3724 1315 cap.
3750 1246 3844 1311 64,

2191 1327 2249 1381 in
2287 1328 2649 1399 Paphnutio:
2685 1329 2787 1383 Καὶ
2810 1327 2972 1383 πάλιν
3006 1330 3159 1406 φωνή
3191 1350 3275 1391 τις
3308 1328 3493 1406 γέγονε
3523 1332 3658 1405 πρὸς
3680 1332 3845 1388 αὐτὸν

2190 1414 2305 1469 θεία
2323 1414 2571 1491 λέγουσα·
2587 1418 2809 1492 Ἒρικας
2823 1423 3015 1488 τῷτῆς
3032 1417 3270 1488 πλησίον
3290 1420 3453 1493 κώμη
3466 1441 3490 1482 ς
3503 1442 3848 1495 πρωτοκωμο

2195 1502 2300 1578 ίτῃ.
2336 1509 2467 1571 Quae
2496 1507 2579 1561 ita
2608 1508 2779 1564 vertit
2803 1509 3114 1565 Hervetus:
3143 1532 3170 1559 ‹‹
3196 1511 3263 1564 Et
3290 1527 3499 1566 rursus
3515 1528 3623 1566 vox
3644 1512 3851 1568 divina

2189 1595 2261 1648 ad
2285 1611 2417 1649 eum
2438 1596 2589 1650 facta
2610 1601 2729 1652 est:
2760 1602 2830 1653 Es
2849 1598 3243 1654 similisvicini
3269 1600 3397 1671 pagi
3416 1602 3847 1671 protocomiti.»

2190 1683 2363 1739 Recte
2397 1685 2686 1753 Ruffinus,
2720 1687 2821 1742 lib.
2854 1705 2915 1755 ιι,
2945 1705 3070 1759 cap.
3106 1689 3193 1757 16,
3225 1689 3666 1763 πρωτοκωμίτην
3694 1708 3836 1747 ver-

2189 1772 2260 1828 tit
2288 1775 2628 1843 prz'marium
2666 1778 2793 1832 vici.
2829 1778 3008 1844 Alius,
3039 1788 3397 1849 protocomes,
3437 1778 3841 1855 πρωτοκόμης,

2182 1863 2419 1933 primus.
2441 1880 2543 1918 seu
2574 1868 2832 1937 princeps
2852 1866 3136 1933 comitum,
3170 1885 3295 1939 quae
3310 1869 3567 1941 dignitas
3593 1874 3716 1925 erat
3737 1887 3840 1926 co-

2187 1951 2391 2005 mitiva
2421 1953 2479 2007 in
2516 1954 2754 2025 palatio,
2788 1957 3063 2024 exercitu,
3096 1957 3439 2029 provinciis.
3474 1958 3618 2015 Vide
3638 1960 3838 2015 Juris-

2185 2040 2586 2098 consultorum
2620 2045 2845 2100 Lexica.

2259 2139 2558 2211 Psu'mus,
2592 2143 2884 2199 Psu'rmos
2913 2145 2999 2200 vel
3024 2145 3353 2201 Psuvrmum.
3380 2146 3607 2219 Smpius
3630 2164 3838 2204 occur-

2185 2228 2261 2283 rit
2280 2229 2338 2283 in
2366 2229 2512 2286 Vitis
2532 2232 2791 2287 Patrum.
2816 2234 2944 2289 Vita
2969 2234 3295 2305 Pachomii,
3320 2236 3511 2307 capite
3536 2238 3603 2290 43
3628 2253 3640 2290 :
3664 2240 3741 2292 Ac
3766 2256 3843 2293 ne

2184 2317 2647 2391 otiosusiessem,
2672 2323 2933 2393 psiathos
2955 2324 3101 2395 elegi
3127 2342 3260 2380 cum
3288 2325 3569 2381 fratribus
3592 2331 3783 2382 texere
3807 2350 3838 2377 ››

2182 2407 2320 2479 Cap.
2356 2409 2462 2463 47:
2496 2433 2523 2459 «
2548 2410 2712 2467 Venit
2737 2413 2806 2468 ad
2832 2412 3060 2477 fratres,
3094 2416 3197 2485 qui
3221 2413 3485 2485 psiathos
3508 2417 3840 2487 operabau-

2180 2500 2293 2551 tur.
2321 2519 2348 2546 »
2370 2498 2508 2570 Cap.
2529 2500 2600 2554 52
2622 2518 2635 2556 :
2658 2522 2685 2550 «
2720 2504 2963 2573 Semper
2978 2507 3172 2557 autem
3200 2504 3485 2573 psiathios
3506 2506 3841 2576 operaban—

2179 2589 2298 2640 tur.
2334 2609 2361 2635 ››
2385 2588 2517 2643 Vita
2548 2590 2843 2645 Abraham
2877 2593 3152 2657 eremitaa,
3179 2592 3371 2665 capite
3401 2594 3435 2647 3
3462 2610 3475 2648 :
3508 2616 3538 2643 (ι
3570 2598 3684 2649 Nec
3714 2612 3837 2651 non

2179 2678 2237 2728 et
2284 2691 2462 2730 unum
2498 2678 2841 2749 psiathium,
2876 2682 2932 2735 in
2969 2698 3084 2752 quo
3116 2683 3379 2737 cubitare
3411 2680 3657 2740 solebat.
3690 2707 3718 2735 υ
3766 2685 3842 2740 Et

2180 2779 2307 2834 cap.
2336 2766 2399 2818 14
2425 2782 2436 2820 :
2466 2787 2492 2815 ‹‹
2520 2766 3416 2842 Psiathiumsuum,sUperquod
3441 2772 3831 2841 subsistebat,

2179 2854 2351 2923 coepit
2379 2855 2691 2911 vehemens
2715 2857 2955 2913 ﬂamma
2985 2859 3350 2915 comburere.
3386 2881 3411 2912 ι
3440 2860 3561 2916 Vita
3582 2862 3831 2919 Joannis

2177 2941 2629 3016 Eleemosynarii
2680 2964 2817 3018 cap.
2867 2950 2937 3001 20
2982 2966 2995 3004 :
3047 2949 3257 3012 Quanti
3312 2955 3453 3005 sunt
3503 2952 3675 3006 modo
3724 2952 3829 3023 qui

2176 3032 2475 3102 psiathum
2504 3035 2786 3092 habentes
2818 3038 3026 3093 subtus
3068 3038 3404 3107 dimidium,
3438 3045 3497 3095 et
3522 3057 3700 3111 supra
3741 3042 3833 3096 di-

2178 3120 2447 3189 midium,
2483 3141 2595 3180 non
2624 3132 2871 3196 possunt
2903 3128 3211 3183 extendere
3243 3130 3419 3200 pedes
3452 3145 3610 3186 suos.
3637 3152 3665 3177 ››
3696 3130 3836 3185 Vita

2175 3209 2595 3284 Euphrosynas,
2631 3231 2761 3286 cap.
2798 3217 2905 3270 15:
2942 3239 2970 3268 «
2994 3219 3058 3272 In
3091 3218 3295 3272 eadem
3319 3217 3463 3273 cella
3488 3220 3836 3274 demoratus

2181 3305 2289 3369 est,
2325 3302 2381 3354 in
2414 3307 2615 3357 eodem
2649 3305 2904 3375 psiathio
2934 3306 3233 3361 dormiens
3264 3307 3322 3361 in
3356 3324 3468 3376 quo
3502 3307 3836 3381 Euphrosy-

2184 3405 2278 3443 na.
2313 3414 2339 3439 ››
2376 3390 2509 3445 Vita
2540 3393 2730 3447 Mariae
2776 3394 2970 3465 neptis
3002 3394 3262 3461 Abrahae,
3291 3412 3418 3467 cap.
3451 3396 3523 3451 8:
3559 3418 3587 3445 ‹‹
3640 3397 3834 3462 Quin-

2180 3479 2463 3550 quaginta
2477 3498 2661 3536 annos
2680 3483 3141 3539 conversationis
3162 3489 3295 3553 tuae,
3314 3502 3491 3557 super
3503 3485 3828 3557 psiathium

2180 3568 2571 3625 oubitaveras.
2604 3593 2632 3620 ››

2253 3669 2545 3739 Frequens
2570 3670 2689 3725 haec
2707 3686 2813 3725 vox
2841 3672 2899 3725 in
2922 3670 3286 3743 supellectile
3307 3673 3827 3743 antiquorummo-

2176 3758 2522 3813 nachorum.
2558 3759 2915 3815 Psiasthium
2938 3761 3153 3818 Graecis
3184 3767 3349 3833 teges
3382 3763 3503 3819 sive
3528 3768 3721 3819 stores
3752 3782 3822 3819 ex

415 3864 733 3936 praefectus.
769 3859 927 3924 Quod
960 3857 1051 3911 hic
1078 3861 1135 3910 et
1165 3855 1301 3910 alibi
1326 3871 1447 3908 non
1499 3854 1605 3907 rite
1637 3869 1891 3906 versum.
1926 3852 2069 3906 Vide
2166 3848 2348 3917 junco
2371 3856 2468 3901 aut
2503 3865 2721 3919 papyro
2752 3850 3034 3905 confecta.
3070 3855 3146 3907 Ea
3170 3868 3273 3921 pro
3296 3851 3445 3906 lecto
3475 3858 3531 3907 et
3553 3853 3818 3925 stragulo

437 3952 785 4006 Frontonem
819 3951 1108 4008 nostrum,
1142 3944 1211 3997 ad
1245 3942 1745 4013 Chrysostomum.

491 4039 852 4093 Ppmrosrrus
868 4051 1023 4088 SACRI
1042 4049 1329 4088 cumcum.
1360 4030 1676 4095 Palladius,
1694 4031 1761 4083 de
1780 4031 1987 4097 Lauso,
2006 4033 2064 4089 in

417 4128 753 4201 praefatione
776 4124 1068 4179 Lausiaca:
1089 4122 1347 4176 historiae
1374 4139 1385 4176 ε
1415 4143 1441 4169 ‹‹
1467 4121 1548 4174 Ad
1569 4119 1821 4175 Lausum
1846 4140 2062 4195 praepo-

416 4218 621 4272 situm.
649 4238 675 4263 ››
698 4216 875 4283 Cujus
899 4214 977 4268 rei
1005 4212 1352 4284 praepositus
1382 4211 1553 4265 fuerit
1576 4209 1834 4266 declarat
1854 4212 1979 4282 ipse
2004 4213 2059 4266 in

414 4306 646 4377 epilogo
672 4305 827 4370 libri,
866 4303 963 4357 ubi
996 4319 1126 4356 eum
1161 4307 1325 4357 vocat
1345 4300 1700 4374 πραιπόσιτον
1716 4296 2059 4354 τοῦεὐσεϐεσ-

409 4392 575 4449 τάτου
600 4396 886 4461 κοιτῶνος,
911 4391 1271 4462 praepositum
1308 4393 1454 4445 sacri
1481 4392 1744 4446 cubiculi.
1798 4393 2062 4447 Occurrit

412 4483 674 4540 officium
704 4482 812 4536 hoc
852 4481 909 4534 in
946 4480 1210 4534 novelllis
1254 4481 1345 4549 22,
1378 4482 1430 4545 3,
1464 4481 1495 4533 4
1525 4480 1585 4535 τὸ
1614 4483 1720 4533 τῶν
1760 4481 2057 4552 βασιλικῶν

406 4570 1000 4643 κοιτώνωνπροεστώς.
1022 4571 1089 4623 Et
1113 4570 1262 4639 apud
1290 4569 1604 4624 Zosimum.
1633 4570 2060 4626 NotitiaOrien-

2165 4560 2449 4632 plectitur
2481 4561 2778 4631 psiathus.
2817 4585 2836 4611 ι

2174 3937 2489 3991 utebantur
2540 3940 2809 3993 monachi
2860 3940 3130 4011 Egyptii.
3185 3940 3599 4009 Glossarium;
3638 3944 3819 4013 Tages,

2172 4025 2424 4081 Ψιάθιον.
2458 4026 2600 4081 Vide
2633 4027 2918 4096 Caesiam,
2954 4027 3053 4083 lib.
3093 4046 3149 4083 1v
3182 4029 3401 4096 Instit.,
3435 4030 3621 4100 capite
3650 4032 3740 4094 13,
3765 4037 3825 4086 et

2171 4114 2363 4169 collat.
2386 4132 2425 4185 ι,
2450 4116 2638 4186 capite
2666 4117 2755 4172 23.
2787 4117 3105 4188 Hesychius
3132 4135 3145 4172 :
3172 4118 3378 4170 Ψιάοια
3399 4116 3463 4170 τὰ
3485 4116 3534 4171 ἐν
3559 4124 3673 4179 τοῖς
3695 4116 3825 4174 δικα

2170 4202 2417 4277 στηρίοις
2437 4203 2522 4257 ἐπὶ
2552 4208 2629 4257 τῶ
2655 4202 2960 4278 νκαθεδρων
2982 4206 3408 4281 επιστορνύμενα
3441 4224 3453 4262 :
3487 4230 3510 4259 ιι
3536 4209 3824 4276 Psialhia,

2169 4310 2296 4363 quas
2311 4293 2737 4363 injudiciorum
2759 4293 2883 4349 loco
2898 4295 3097 4350 calhed
3111 4295 3633 4351 risinsternuntur.
3658 4299 3821 4353 Idem

2167 4381 2395 4445 Ψίαθος,
2429 4383 2463 4450 ἡ
2497 4382 2772 4457 χαμεύνῃ,
2791 4384 2881 4436 καὶ
2908 4383 2969 4436 τὸ
2992 4383 3237 4460 φυτὸν,ἐξ
3261 4383 3326 4437 οὗ
3349 4382 3604 4439 πλέκεται
3628 4385 3826 4458 ψίαθος

2173 4496 2191 4520 ι
2245 4471 2544 4537 Psiathus,
2577 4471 2765 4527 lectus
2799 4472 2965 4527 humi
2997 4477 3239 4539 stratus,
3272 4479 3329 4529 et
3359 4475 3569 4541 frutex,
3613 4493 3681 4532 ex
3705 4493 3827 4548 quo

2900 4562 3039 4618 Vide
3084 4564 3357 4619 eumdem
3392 4565 3447 4620 in
3508 4562 3731 4633 Κάνναι,
3766 4571 3828 4621 et

416 4664 529 4719 tis:
554 4683 577 4713 ιι
600 4662 721 4717 Sub
753 4659 1145 4731 dispositione
1178 4658 1285 4712 viri
1320 4658 1565 4712 illustris
1598 4661 1891 4730 praepositi
1917 4662 2065 4716 sacri
2094 4652 2139 4716 D
2174 4646 2442 4724 Κάναθρα.

410 4750 667 4808 cubiculi
700 4751 912 4805 domus
944 4747 1141 4802 divina
1172 4764 1275 4819 per
1303 4748 1804 4818 Cappadociam.»

480 4843 825 4897 PROASTION.
883 4837 1234 4911 Προάστειον,
1284 4838 1668 4892 suburbanum
1709 4855 1811 4893 seu
1860 4855 2061 4909 prour-

413 4931 585 4987 bium.
617 4930 750 4984 Vita
782 4928 1007 4994 Basilii,
1042 4945 1168 4999 cap.
1200 4930 1272 4983 2:
1309 4950 1335 4976 ‹‹
1363 4927 1589 4983 Invenit
1615 4927 1797 4999 (eum)
1830 4929 1887 4982 in
1923 4946 2060 4999 pro-

408 5023 558 5078 astio
591 5038 723 5077 cum
777 5017 1169 5092 philosophis.
1206 5042 1227 5070 ι
1268 5018 1563 5085 Rufﬁnus,
1604 5018 1705 5074 lib.
1740 5035 1825 5085 ιιι,
1859 5036 1917 5073 n.
1956 5019 2055 5073 19:

407 5133 437 5161 ‹‹
468 5111 651 5183 Prope
684 5109 1009 5182 proastium
1042 5109 1139 5175 qui
1175 5111 1415 5162 vocatur
1444 5106 1505 5160 in
1526 5107 1804 5178 Septimo.
1845 5131 1863 5155 ι
1895 5108 2057 5170 Quod

408 5199 469 5254 in
503 5201 703 5254 eadem
740 5214 800 5253 re
832 5198 985 5269 apud
1048 5195 1364 5267 Pelagium,
1398 5195 1595 5250 libello
1617 5213 1709 5260 xv,
1743 5214 1800 5252 n.
1833 5197 1903 5249 66
1927 5198 2054 5251 sub-

408 5288 689 5342 urbanum
710 5286 944 5341 dicitur.
978 5283 1194 5338 Paulus
1223 5284 1533 5349 Diaconus,
1555 5284 1625 5337 de
1648 5288 1794 5353 gest.
1820 5286 2057 5355 Laugob

410 5375 515 5430 lib.
548 5391 624 5441 v1,
674 5392 722 5429 c.
756 5376 862 5429 58:
897 5375 1014 5429 Rex
1061 5373 1453 5444 Luitprandus
1503 5373 1560 5426 in
1595 5372 1821 5427 Olonna
1871 5374 2057 5429 nihilo

414 5464 615 5519 minus
647 5480 753 5518 suo
788 5463 1066 5534 proastio,
1102 5463 1245 5516 miro
1270 5476 1441 5532 Opere
1467 5462 1521 5514 in
1558 5462 1833 5516 honorem
1868 5465 2056 5518 sancti

409 5552 700 5609 Anastasii
727 5551 1242 5623 martyrisChristo
1260 5549 1620 5605 domicilium
1638 5551 1860 5605 statuit.
1890 5574 1916 5600 ››
1936 5554 2057 5617 Quo

408 5642 535 5699 loco
581 5640 981 5696 hallucinatus
1030 5644 1119 5693 est
1153 5641 1361 5693 Bonav.
1414 5638 1758 5704 Vulcanius,
1794 5641 1890 5709 qui
1923 5642 2059 5711 quia

400 5730 687 5805 prohastz'o
711 5730 773 5787 in
804 5729 954 5787 libro
975 5745 1083 5786 suo
1116 5727 1353 5800 invenit,
1389 5727 1721 5786 existimavi
1752 5729 2059 5801 dignitatis

2244 4750 2505 4804 PTISANA.
2540 4749 2859 4816 Palladius,
2886 4750 3171 4805 Lausiaca
3188 4768 3257 4806 ex
3276 4753 3451 4807 veteri
3475 4753 3829 4825 interpreta-

2171 4841 2348 4908 tione,
2382 4856 2509 4910 cap.
2540 4840 2637 4893 15:
2676 4861 2703 4888 ‹‹
2728 4844 2971 4910 Pr0pter
2992 4840 3393 4896 infirmitatem
3420 4843 3703 4898 stomachi
3727 4860 3829 4898 co-

2172 4934 2326 4985 ctum
2349 4929 2544 4983 cibum
2570 4928 2828 5000 accipere
2849 4928 3195 4999 compulsus
3219 4935 3326 4985 est.
3346 4932 3555 4987 Panem
3581 4932 3823 5003 quidem

2163 5022 2285 5091 jam
2321 5037 2433 5074 non
2468 5019 2753 5091 contigit;
2787 5019 2945 5073 olera
2975 5036 3107 5075 vero
3139 5024 3196 5076 et
3227 5021 3515 5093 ptisanae,
3547 5039 3611 5079 ac
3652 5022 3823 5096 legu-

2172 5126 2304 5165 men
2336 5125 2523 5179 usque
2550 5108 2619 5163 ad
2653 5109 2801 5163 duos
2829 5124 3014 5163 annos
3045 5108 3359 5179 accipiens,
3392 5110 3473 5166 ita
3505 5113 3827 5168 defunctus

2170 5202 2277 5255 est.
2307 5220 2334 5248 »
2369 5200 2492 5263 Quo
2524 5196 2649 5252 loco
2681 5196 3005 5253 Heraclidis
3036 5197 3346 5270 interpres,
3382 5216 3431 5255 c.
3465 5201 3568 5256 15:
3606 5224 3634 5251 «
3674 5202 3823 5257 Cum

2170 5304 2408 5344 necesse
2425 5290 2583 5341 esset
2603 5286 2828 5358 corpori
2855 5287 2981 5356 ejus
3004 5292 3240 5359 propter
3258 5289 3544 5345 stomachi
3568 5290 3828 5346 inﬁrmi-

2168 5383 2374 5443 tatem,
2409 5381 2474 5429 ut
2503 5381 2732 5430 coctum
2789 5381 3050 5431 sumeret
3080 5377 3304 5445 cibum,
3340 5396 3547 5448 panem
3577 5381 3825 5452 quidem

2169 5466 2363 5537 attigit
2377 5481 2677 5535 nunquam
2690 5507 2703 5529 ,
2720 5464 2877 5519 olera
2893 5470 3125 5520 tantum
3140 5472 3197 5520 et
3221 5473 3546 5538 poscam,et
3569 5468 3825 5525 lenticu-

2169 5556 2284 5611 lam
2310 5570 2410 5625 per
2431 5554 2621 5609 solum
2648 5554 2951 5609 biennium
2976 5559 3241 5626 gustans.
3274 5578 3300 5605 »
3327 5556 3643 5623 Palladius,
3673 5573 3744 5614 ex
3764 5560 3825 5614 in

2169 5642 2585 5713 terpretatione
2620 5642 3004 5713 Herveti,cap.
3029 5645 3098 5697 86
3122 5661 3134 5698 :
3156 5667 3183 5693 «
3206 5644 3351 5699 Cum
3385 5653 3823 5719 caro,propter-

2168 5731 2631 5790 imbecillitatem
2655 5733 2918 5805 corporis
2934 5740 2991 5790 et
3007 5733 3318 5806 stomachi,
3334 5752 3481 5807 opus
3498 5735 3736 5794 haberet
3758 5743 3832 5794 ut
