4156 6328
508 339 608 394 491

1230 341 1376 396 0N0
1438 329 1740 395 ASTICON
1779 337 2038 392 RERUM
2075 325 2167 388 ET
2203 323 2603 391 VBRBORUM
2645 319 3205 394 ammoniacum.

3815 342 3922 397 492

506 465 657 538 Ergo
679 481 819 521 ares
842 465 1098 536 primum
1140 465 1372 535 rescula,
1397 466 1532 520 inde
1564 465 1806 520 rescella.
1850 463 2040 518 Liceat
2064 459 2158 514 hic
2188 461 2242 526 Α
2275 479 2454 530 μενον.
2491 459 2735 528 Plinius,
2762 462 2864 519 lib.
2898 481 3121 536 x1,cap.
3170 465 3236 519 34
3265 481 3278 520 :
3307 486 3331 517 α
3365 467 3469 522 Est
3490 467 3707 523 animal
3745 467 3924 527 inﬁxo

506 557 906 626 conjecturam
923 557 1108 610 meum
1135 553 1458 626 proponere
1483 549 1552 608 de
1579 545 1702 610 loco
1747 551 1900 624 apud
1944 549 2155 622 Apule-

505 639 829 709 ium,lib.iu
854 641 1271 714 Metamorph.,
1297 643 1563 714 depoSito‘
1587 660 1598 696 :
1619 666 1645 692 «
1673 637 1883 713 Specta
1906 638 2158 709 denique

505 749 679 803 quam
695 723 888 804 parvis
905 745 1196 804 quamque
1213 729 1665 787 futilibustanta
1681 748 1773 786 res
1788 729 2150 801 procuretur.

508 815 780 875 Hercules
806 815 1324 876 anethim‘odiCum
1366 836 1497 875 cum
1541 809 1696 875 foliis
1739 811 1885 874 lauri
1926 817 2152 872 immis-

506 909 798 974 Sum,rore
814 911 1052 964 fontano
1067 897 1239 964 datur
1261 905 1640 974 lavacrum,et
1668 899 2154 984 poculum.»iBer—

505 996 713 1053 Oaldus
727 997 808 1052 ait
831 988 966 1052 olim
995 987 1174 1053 luisse
1198 997 1463 1064 Herculis,
1491 999 1546 1052 'et
1567 995 1692 1068 ipse
1715 991 1994 1051 reformat
2016 993 2151 1049 Her-

505 1087 670 1153 cules,
689 1094 752 1142 ut
776 1088 854 1143 sit
879 1083 1230 1143 aSSevel-atid
1253 1081 1354 1160 per
1376 1079 1881 1157 Herculem,quale
1905 1075 2149 1140 estillud

504 1177 848 1232 mehercules
866 1167 1285 1246 mediusﬁdius.
1322 1165 1577 1248 Lipsius,
1603 1177 1701 1231 lib.
1727 1193 1770 1230 11
1794 1183 1884 1246 ep.
1913 1169 2032 1245 qq,
2056 1190 2146 1244 ep.

501 1257 1334 1339 22,aitdortnivissernagnum
1354 1257 2148 1337 interpretem(Beroaldum).

502 1355 683 1411 Vetus
727 1353 898 1438 lectio
941 1351 1221 1438 Herculis.
1252 1355 1410 1438 Legit
1434 1355 1595 1438 ipse;
1627 1377 1654 1434 ς(
1677 1349 1862 1438 Tanta
1892 1355 1984 1406 res‘
2017 1351 2147 1438 pro-

503 1447 742 1499 curetur
766 1434 1325 1515 herbulisAnetbi,»
1350 1435 1554 1500 stulta
1577 1436 1693 1499 ille.
1719 1435 1848 1498 Scio
1876 1434 2146 1510 eQuidein

501 1531 753 1589 multum
786 1525 1102 1589 herbarum
1138 1529 1311 1589 usum
1349 1522 1530 1588 fuisse
1555 1532 1611 1586 in
1638 1545 1698 1586 re
1721 1530 1968 1601 magica,
1992 1527 2148 1584 unde

500 1623 653 1693 apud
680 1619 976 1694 eumdem,
1004 1613 1170 1694 Apol.
1198 1623 1248 1687 1,
1273 1621 1566 1689 radiculae,
1593 1620 1794 1686 herba’,
1825 1615 2056 1674 Surculi.
2081 1615 2148 1672 Et

499 1709 601 1765 lib.
631 1727 672 1766 II
701 1707 964 1779 Metarti.,
997 1709 1236 1767 surculis
1266 1721 1314 1767 et
1348 1712 1562 1783 lapillis
1581 1699 1632 1767 et
1657 1711 1711 1765 id
1732 1703 1906 1778 genus
1933 1705 2148 1777 frivo‘lz’s

2269 561 2502 621 semper
2532 547 2807 624 sanguini
2841 555 3031 624 capite
3061 554 3286 623 vivens,
3311 551 3368 608 in
3403 556 3598 612 bubus
3622 558 3923 630 frequens,

2267 640 2324 693 in
2358 641 2603 696 canibus
2635 633 2970 713 aliquando,
3007 643 3063 697 in
3089 641 3296 698 ovibus
3337 645 3395 699 et
3443 645 3636 718 capris
3667 642 3776 704 hoc
3829 667 3924 706 so-

2267 727 2413 784 lum.
2451 751 2477 778 ››
2509 725 2718 786 Shidas
2749 735 2915 787 vacat
2944 731 3194 793 xu'vstou;
3229 737 3474 808 φθεῖρας,
3513 733 3798 806 pediculos
3826 753 3924 794 ca—

2265 833 2420 873 num.
2455 819 2720 884 Aristot.,
2755 818 2856 877 lib.
2888 837 2923 874 v
2952 819 3224 878 Historia?
3246 815 3625 893 Aniinalium,
3647 829 3773 897 cap‘.
3807 825 3872 882 3t
3904 844 3918 883 :

2262 903 2336 959 Τὰ
2369 901 2424 960 δὲ
2456 901 2702 979 πρόϐατα
2733 908 2823 962 καὶ
2854 908 2997 982 αἶγες
3027 906 3308 984 ἐιρότωνας
3340 905 3555 984 ἔχουσι,
3587 919 3705 976 τοῖς
3737 911 3794 968 δὲ
3823 927 3921 969 xu-

2265 996 2350 1050 σὶν
2382 995 2432 1048 οἱ
2473 994 2805 1069 καλόΰμενοι
2845 997 3090 1070 γίνονται
3141 997 3525 1075 κονορῥαϊσταί
3557 1021 3570 1057 :
3606 1027 3633 1052 ‹‹
3666 1003 3814 1061 ov'e’s
3863 1012 3922 1062 et

2263 1093 2450 1157 capris
2483 1085 2729 1142 redivias
2753 1085 2991 1154 habent,
3036 1085 3286 1144 canibus
3331 1091 3632 1161 proprium
3668 1091 3915 1162 ricinus,

2263 1173 2362 1246 qui
2395 1176 2466 1230 ab
2497 1175 2696 1231 eodem
2731 1177 2973 1232 animali
3028 1187 3240 1234 nomen
3290 1181 3709 1250 cynorrhaistee
3739 1200 3912 1239 acce-

2261 1261 2368 1335 pit;
2406 1263 2424 1312 ἀι
2461 1259 2804 1330 Columella,
2844 1263 2940 1320 lib.
2975 1269 3055 1332 xi,
3090 1277 3138 1320 c.
3173 1271 3226 1333 2,
3261 1267 3636 1336 rediviorum;
3663 1267 3916 1342 Plinius,

2261 1347 2361 1407 lib.
2386 1365 2525 1419 χχιι,
2552 1367 2601 1408 c.
2632 1349 2714 1422 18,
2748 1351 3060 1410 ricinol-um
3091 1363 3300 1410 canum
3338 1357 3630 1415 meminit.
3677 1351 3914 1433 Ἐκϐρᾶ-

2262 1453 2347 1493 σαι
2382 1438 2452 1496 ad
2486 1437 2724 1498 verbum
2759 1439 2933 1513 esset,
2965 1437 3203 1499 ebullire
3223 1447 3452 1514 faceret,
3492 1438 3818 1519 eﬂunderet,
3846 1457 3914 1506 ut

2259 1548 2300 1586 Il
2332 1532 2598 1587 Machab.
2635 1541 2674 1600 t,
2709 1531 2774 1586 12
2808 1549 2821 1586 :
2855 1531 3023 1595 Αὐτὸς
3050 1529 3152 1607 γὰρ
3184 1526 3428 1608 ἒξὲϐραξε
3468 1533 3596 1597 τοῦς
3642 1537 3913 1610 παραταξ-

2259 1617 2487 1690 autver):
2517 1615 2568 1673 ἐν
2597 1623 2664 1692 τῇ
2697 1618 2822 1694 ἁγίᾳ
2847 1618 3030 1676 πόλει.
3082 1625 3200 1693 Ipse
3228 1635 3353 1680 vero
3385 1623 3627 1681 ebullire
3652 1627 3791 1697 fecit
3823 1645 3917 1684 eos

2257 1709 2356 1780 qui
2377 1704 2763 1780 pugnaverunt
2791 1711 2853 1764 in
2875 1715 3066 1765 sancta
3094 1711 3333 1766 civitate.

499 1800 786 1855 inhalatis.
824 1803 865 1855 E
898 1801 1116 1872 quibus
1138 1801 1318 1895 videri
1352 1817 1584 1890 quoque
1615 1799 1801 1895 possit
1832 1795 2141 1895 legendum
2175 1805 2223 1895 Β
2324 1798 2652 1895 lineam-unt.
2688 1798 2840 1895 Usus
2861 1799 3156 1895 orationes
3188 1803 3621 1895 annumerandi
3652 1803 3769 1858 Deo
3804 1817 3916 1895 per

497 1891 734 1943 surculis
758 1904 861 1959 pro
883 1888 1143 1944 herculis.
1182 1881 1374 1944 Malim
1427 1883 1622 1943 tamen
1656 1887 1846 1958 legere
1879 1883 2092 1939 reculis
2127 1902 2140 1950 ;

501 1975 557 2030 1ο
577 1975 723 2040 Quia
745 1975 898 2032 soliti
920 1978 1056 2032 olim
1083 1977 1336 2033 scribere
1353 1967 1592 2032 Merciis
1616 1985 1675 2030 ut
1697 1973 1925 2044 "renus,
1949 1969 2142 2028 Hlu‘db-

497 2065 727 2120 vicusin
753 2065 858 2122 Ms.
876 2057 1457 2134 vetustissiino,unde
1474 2064 1931 2135 transpbsitio‘ne‘
1960 2051 2144 2117 iecere

497 2151 1050 2212 herculis.2olteculse
1070 2155 1378 2227 sequentia
1395 2155 1589 2210 omnia
1608 2149 2140 2225 comprehendant,

494 2245 784 2310 anethum,
805 2245 1050 2313 laurum,
1071 2245 1257 2301 rorem
1277 2231 1592 2314 fontanum;
1620 2259 1733 2298 non
1759 2243 1844 2296 ita
1874 2237 2140 2308 herbula“,

494 2347 619 2402 qum
652 2333 710 2387 in
763 2331 989 2388 nullum
1043 2335 1288 2389 istorum
1325 2334 1638 2404 quadrent,
1684 2331 1731 2386 Si
1781 2329 2039 2385 anethum
2070 2328 2140 2383 dc

491 2424 714 2476 semine
774 2422 989 2494 capias.
1050 2422 1108 2476 30'
1138 2419 1357 2478 Reculae
1389 2422 1481 2475 hic
1541 2417 1692 2492 quod
1726 2413 1874 2474 libro
1909 2435 1949 2472 ιι
1983 2417 2137 2489 apu'd

489 2509 760 2565 eumdem
793 2512 1018 2581 frivola.
1083 2506 1140 2565 40
1196 2512 1422 2566 Reculas
1475 2509 1721 2581 usurpat
1753 2501 1901 2563 idem
1937 2511 2141 2561 auctor

487 2599 589 2654 lib.
627 2617 681 2655 1v
713 2600 1108 2673 Metamorph.
1139 2599 1258 2672 jam
1295 2601 1494 2656 citato.
1793 2663 1796 2670 ι

567 2681 895 2760 Dicebatur,
941 2695 996 2746 et
1042 2689 1285 2746 Reicula.
1316 2688 1757 2762 Capitularium.
1787 2675 1885 2742 lib.
1924 2705 2022 2755 vu,
2047 2685 2136 2741 tit.

493 2777 632 2833 192:
671 2802 690 2826 α
727 2781 833 2845 Qui
869 2777 1144 2835 reiculam
1180 2778 1438 2835 ecclesia:
1490 2783 1697 2849 petunt
1727 2795 1759 2831 a
1794 2770 2033 2848 regibus
2082 2767 2138 2830 et

493 2863 796 2923 horrendae
823 2867 1114 2941 cupidatis
1139 2865 1397 2940 impulsu
1423 2863 1718 2939 egentium
1743 2863 2132 2920 substantiam

493 2957 750 3026 rapiunt.
790 2981 817 3007 »
861 2955 1183 3013 Cbronicon
1221 2949 1406 3012 sancti
1433 2955 1601 3011 Galli.
1626 2945 1704 3010 De
1743 2954 1923 3026 gestis
1946 2951 2136 3009 Caroli

490 3047 678 3115 Magni
705 3063 718 3101 :
744 3045 946 3110 «Quod
978 3043 1203 3101 reicula
1227 3041 1412 3101 Sancti
1437 3043 1729 3113 Galli,non
1753 3062 1819 3099 ex
1843 3041 2137 3114 regalibus

492 3135 880 3201 donariis,sed
907 3134 974 3192 ex
999 3129 1355 3208 priv'atorum
1372 3131 1810 3208 traditiundulis
1827 3131 2091 3186 collectae.
2109 3153 2134 3179 »ν

561 3225 644 3278 An
675 3239 932 3280 autcum:
973 3229 1057 3279 hac
1101 3221 1490 3279 Ecclesiarum
1528 3227 1666 3279 sunt
1698 3221 1797 3277 illa
1824 3217 1976 3292 ipsa,
2009 3211 2134 3291 quae

490 3313 704 3368 Graecis
746 3305 1091 3369 dicebantur
1138 3315 1435 3387 πτωχικάἳ
1488 3305 1818 3367 Basalmon.
1873 3307 1943 3365 ad
1994 3314 2131 3365 Gan.

488 3395 691 3472 Apost.
723 3404 832 3457 59:
873 3397 933 3457 Ὁ
965 3401 1258 3462 ἐπίσκοπος
1295 3398 1504 3479 ὀφείλει
1539 3401 1672 3472 μετᾶ
1716 3400 1814 3467 τήν
1845 3395 2129 3470 ἀναγκαίαν

487 3489 651 3542 aeto;
685 3483 949 3559 δαπάνην,
983 3489 1072 3543 καὶ
1105 3490 1203 3558 τὴν
1233 3495 1332 3558 τῆς
1360 3485 1650 3559 ἐκκλησίας
1678 3489 1765 3542 καὶ
1797 3489 1904 3541 τῶν
1934 3483 2132 3557 alapi-

488 3581 598 3630 κῶν
632 3579 834 3647 συνήθη
871 3579 1212 3650 οῗικονομίαν,
1247 3579 1310 3632 τὰ
1341 3577 1726 3652 περιττεύοντα
1758 3577 1816 3631 ἐκ
1853 3579 1957 3629 τῶν
1990 3569 2130 3627 εἰσό-

492 3659 598 3720 εων
630 3667 728 3737 τῆς
762 3665 1053 3737 ἐκκλησίας
1076 3665 1377 3722 διαδιδόναι
1409 3668 1543 3742 πρὸς
1587 3663 1841 3736 πένητας·
1875 3659 2133 3738 πτωχικᾶ

491 3754 592 3830 γὰρ
645 3755 935 3811 καλοῦνται
984 3775 996 3813 :
1043 3753 1361 3831 Episcopus
1413 3763 1543 3830 post
1599 3747 1960 3812 necessaries
2019 3745 2130 3808 sibi

497 3850 792 3917 sumptus,
826 3849 881 3902 et
910 3845 1169 3903 ecclesiae
1202 3851 1267 3902 ac
1301 3847 1646 3902 clericorum
1675 3841 2015 3899 conSuetam
2049 3841 2134 3895 di-

489 3929 949 4007 spensationem,
985 3937 1281 4008 superﬂua
1304 3954 1372 3991 ex
1403 3933 1815 3990 ecclesiasticis
1847 3931 2130 3986 reditibus

489 4023 660 4079 debet
717 4025 1068 4080 distribuere
1120 4023 1498 4096 pauperibus.
1556 4023 1701 4078 Nam
1761 4018 2038 4095 πτωχικὰ,
2073 4019 2129 4074 id

487 4116 598 4183 est,
632 4109 955 4186 pauperum
993 4107 1144 4170 bona
1174 4117 1476 4169 vocantur.
1505 4136 1532 4163 »
1557 4109 1623 4167 Et
1646 4112 1703 4166 in
1728 4112 1998 4167 eumdem
2033 4127 2130 4165 ca-

485 4217 697 4257 nonem
748 4204 1002 4260 Zonaras
1059 4220 1071 4258 :
1118 4189 1192 4256 Τὰ
1236 4206 1342 4257 τῶν
1401 4199 1706 4272 ἐκκλησιῶν
1759 4199 2054 4273 πράγματα
2093 4199 2128 4266 ἡ

484 4289 670 4366 Γραφὴ
722 4292 982 4364 πτωχικὰ
1022 4291 1300 4363 ὀνομάζει,
1332 4289 1421 4344 καὶ
1456 4288 1536 4344 δεῖ
1577 4293 1746 4344 ταῦτα
1795 4283 2128 4342 διαδέδοσθαι

478 4381 594 4437 τοῖς
625 4383 874 4452 πτωχοῖς
908 4397 965 4433 :«
1002 4375 1303 4452 Scriptura
1335 4379 1598 4436 nominat
1628 4373 2005 4435 ecclesiarum
2041 4377 2131 4432 bo-

481 4483 554 4522 na
576 4468 852 4542 πτωχικᾶ,
887 4483 1010 4538 quae
1041 4473 1313 4544 πτωχοῖς,
1349 4470 1402 4524 id
1436 4474 1525 4525 est
1556 4469 1837 4524 mendicis
1861 4473 1917 4523 et
1939 4467 2128 4539 inopi-

477 4556 589 4611 bus
621 4557 889 4612 distribui
924 4563 1170 4629 oportet.
1212 4580 1231 4607 ιο

550 4646 762 4701 Bssrns
792 4649 1058 4702 PISCIUM.
1086 4647 1213 4703 Vita
1243 4647 1490 4704 Joannis
1511 4645 2119 4718 Eleemosynarii,cap.

477 4734 544 4788 19
578 4751 590 4789 :
628 4756 652 4786 α
684 4733 841 4791 Mille
872 4739 1056 4792 restes
1088 4737 1441 4792 siccatorum
1475 4736 1747 4810 piscium,
1781 4734 1881 4806 qui
1912 4750 2117 4789 meno-

472 4839 654 4878 monze
686 4824 978 4880 dicuntur.
1016 4847 1042 4874 »
1076 4824 1170 4881 Sic
1200 4825 1505 4895 Martialis,
1538 4825 1638 4880 lib.
1663 4842 1765 4893 ιιι,
1809 4841 1900 4896 ep.
1931 4824 2001 4877 32
2030 4839 2046 4878 :

627 4911 909 4976 Calvaeque
939 4917 1108 4963 restes
1138 4914 1388 4977 allioque,
1419 4914 1690 4978 cepisque.

473 4999 574 5055 ubi
610 5003 867 5058 restibus
898 5001 1192 5059 calvitiem
1226 5001 1456 5072 tribuit,
1489 5009 1546 5060 et
1573 5005 1800 5059 veteres
1833 5005 1896 5058 ut
1945 5001 2113 5058 tritas

471 5093 766 5160 ostendat,
799 5107 828 5146 e
860 5091 1077 5164 quibus
1108 5093 1242 5149 allia
1263 5097 1319 5150 et
1347 5111 1499 5166 cepas
1533 5093 1783 5166 pendere
1815 5091 2006 5150 solita.

538 5179 800 5235 Rxcmus.
831 5179 1147 5254 Palladius,
1168 5185 1381 5255 cap.86
1404 5200 1418 5238 :
1445 5183 1643 5238 «Adeo
1669 5187 1735 5238 ut
1759 5199 1972 5254 corpus
1986 5183 2114 5251 ejus

467 5283 583 5321 non
627 5285 800 5324 secus
838 5287 903 5324 ac
943 5288 1157 5343 corpus
1181 5273 1433 5328 ferarum
1471 5270 1866 5327 animantium
1912 5270 2113 5327 rieinis

461 5359 729 5412 ecateret.
758 5381 784 5405 »
821 5359 1102 5415 Hervetus’
1129 5366 1369 5429 veterat,
1404 5365 1636 5418 scatere!
1659 5362 1886 5415 muscis.
1914 5359 2110 5415 Graece

462 5449 553 5498 est
586 5443 698 5505 εὼς
729 5445 818 5499 καὶ
847 5446 908 5499 τὸ
942 5451 1100 5519 σῶμα
1121 5449 1400 5521 κρότωνας
1429 5445 1707 5524 ὲκϐρᾶσαι.
1742 5447 1872 5504 Dixi
1903 5449 1973 5503 de
2004 5448 2112 5504 hoc

462 5533 610 5587 satis
628 5535 755 5589 fuse
779 5536 849 5590 ad
874 5539 1127 5592 veterem
1144 5537 1391 5594 Palladii
1414 5539 1747 5594 Lausiacam
1762 5537 1945 5592 .Nunc
1960 5555 2111 5608 qure-

459 5623 595 5676 dam
620 5623 770 5678 addo
810 5641 879 5680 ex
910 5628 1199 5683 Frontone
1237 5633 1473 5684 nostro:
1500 5624 1726 5700 Κρότων
1762 5626 1855 5681 hic
1889 5628 2107 5682 rectius

457 5713 716 5768 sumitur
747 5729 847 5785 pro
869 5713 1074 5783 riclno,
1108 5723 1165 5771 ut
1196 5717 1274 5773 sit
1303 5715 1364 5770 τὸ
1411 5714 1461 5772 ἐν
1497 5715 1619 5770 κυσὶ
1648 5714 1736 5770 καὶ
1773 5713 1929 5791 βουσὶ
1959 5715 2108 5788 γινό-

2254 1886 2722 1956 οαὶοὺιοεςὴιιὺθε
2746 1887 2840 1943 hic
2867 1889 3197 1960 exemplum
3221 1891 3375 1962 apud
3395 1891 3914 1960 Palladium,c.23,

2250 1974 2322 2031 de
2346 1972 2521 2032 Paulo
2546 1977 2601 2030 in
2632 1981 2827 2032 monte
2847 1977 3078 2032 Pbeane
3099 1979 3402 2034 habitante
3429 1996 3441 2034 :
3473 2003 3492 2029 ι
3513 1980 3613 2035 Hic
3644 1982 3907 2037 habebat

2245 2069 2545 2121 trecentas
2571 2077 2772 2136 preces
2810 2079 3121 2137 expressas
3151 2073 3209 2122 et
3241 2069 3621 2139 praestitutus,
3655 2071 3912 2127 totidem

2249 2155 2478 2210 habens
2516 2155 2576 2211 in
2606 2155 2742 2210 sinu
2775 2153 3052 2223 calculos,
3087 2159 3145 2212 et
3175 2156 3233 2211 in
3258 2171 3618 2230 unaquaque
3641 2159 3916 2215 oratione

2243 2243 2471 2314 jaciens
2490 2246 2673 2299 unum
2696 2244 3010 2312 calculum,
3035 2257 3054 2294 ι
3081 2247 3284 2321 ψῆφον.
3315 2247 3475 2302 Idem
3511 2250 3582 2304 de
3611 2261 3678 2303 eo
3700 2253 3912 2303 narrat

2246 2337 2624 2399 Bozomenus,
2653 2333 2755 2388 lib;
2797 2327 2876 2399 vi,
2902 2349 3026 2403 cap.
3070 2335 3159 2403 29,
3207 2341 3264 2390 et
3297 2351 3364 2391 ex
3395 2351 3463 2391 eo
3486 2337 3906 2407 Cassiodorus,

2249 2421 2352 2477 lib.
2388 2434 2653 2493 vm,cap.
2682 2422 2732 2476 1.
2757 2423 2949 2477 Etiam
2975 2422 3168 2478 divam
3196 2423 3421 2479 Claram
3458 2426 3910 2481 sanctissimam

2248 2511 2527 2566 feminam
2559 2507 2837 2580 precariis
2877 2511 3118 2565 calculis
3153 2523 3337 2582 usam,
3374 2519 3437 2567 ut
3467 2515 3581 2569 Deo
3609 2514 3916 2571 orationes

2248 2615 2386 2654 suas
2437 2601 3302 2671 annumeraret,produntejus
3335 2605 3492 2658 Acta.
3520 2603 3634 2659 Nec
3667 2615 3922 2675 supers-

2247 2689 2484 2744 titiosus
2515 2694 2604 2743 est
2634 2689 2727 2743 hic
2760 2688 3119 2744 calculorum
3148 2702 3311 2755 usus,
3337 2703 3454 2747 non
3493 2694 3684 2764 magis
3713 2704 3920 2763 quam

2247 2777 2554 2832 duodecim
2581 2776 2827 2848 lapides,
2862 2785 3010 2847 quos
3039 2777 3219 2834 Josue
3259 2779 3444 2848 jussit
3493 2780 3708 2836 milites
3749 2795 3903 2838 suos

2246 2869 2400 2922 sicco
2435 2867 2576 2937 pede
2605 2864 2978 2922 transeuntes
3010 2881 3210 2924 secum
3243 2883 3312 2923 ex
3342 2869 3504 2924 alveo
3523 2870 3800 2926 Jordanis
3834 2871 3903 2925 in

2244 2957 2436 3011 castra
2468 2952 2710 3022 deferre,
2749 2959 2958 3027 nempe
2988 2962 3052 3011 ut
3080 2957 3514 3014 commonitorii
3554 2965 3753 3016 essent
3779 2960 3904 3016 be-

2244 3043 2423 3098 niﬁcii
2455 3060 2488 3099 a
2523 3048 2631 3100 Deo
2661 3045 2792 3116 Opt.
2824 3047 2970 3099 Max.
3005 3046 3269 3117 prastiti.

2321 3134 2624 3189 Sancum.
2659 3134 2794 3188 Vita
2825 3133 2988 3188 Pauli
3032 3135 3205 3206 primi
3252 3136 3530 3203 eremitse,
3571 3149 3737 3194 num.
3777 3139 3846 3194 14
3891 3151 3908 3194 ε

2252 3245 2280 3272 ‹‹
2313 3222 2597 3277 Sabulum
2658 3223 2835 3292 capiti
2889 3223 3338 3295 superiaciebAt.
3371 3223 3503 3282 Vita
3559 3227 3911 3294 Hilarioni,

2243 3329 2408 3368 num.
2434 3312 2501 3364 40
2536 3329 2548 3367 :
2584 3335 2610 3360 «
2646 3311 2752 3376 Qui
2793 3328 2926 3366 cum
2961 3313 3074 3367 tria
3101 3313 3293 3369 crucis
3325 3315 3497 3388 signa
3527 3316 3813 3386 pinxisset
3837 3319 3906 3374 in

2242 3401 2470 3456 sabulo.
2503 3422 2531 3450 »
2573 3399 2942 3455 Glossarium
2970 3402 3436 3460 Camberonense
3456 3405 3564 3460 Ms.
3599 3422 3613 3461 :
3655 3423 3682 3459 α
3709 3407 3911 3462 Sabu-

2241 3490 2388 3554 lum,
2423 3506 2609 3560 genus
2651 3496 2819 3544 terrae
2867 3489 3260 3548 levissimum.
3297 3515 3318 3541 ι
3357 3494 3534 3561 Plin.,
3583 3495 3686 3550 lib.
3732 3513 3908 3567 xvm,

2241 3594 2291 3634 ο.
2324 3580 2389 3634 18
2421 3596 2434 3632 :
2470 3600 2497 3627 «
2534 3576 2758 3649 Quippe
2790 3576 3066 3632 sabulum
3101 3579 3327 3648 subest,
3352 3598 3720 3652 granumque
3751 3582 3907 3638 limo

2240 3672 2468 3722 tantum
2504 3667 2854 3722 continetur.
2891 3667 3299 3739 Hieronymus,
3333 3669 3391 3724 in
3424 3686 3550 3742 cap.
3583 3687 3758 3726 xcvm
3790 3672 3905 3727 Ez-

2241 3751 2392 3824 ech.,
2425 3758 2505 3811 Ad
2534 3757 2772 3811 tumulos
2810 3756 2996 3810 sabuli
3024 3758 3337 3815 orientalis.

2308 3847 2585 3900 Subulum
2612 3854 2797 3900 autem
2844 3847 3019 3915 capiti
3065 3847 3408 3918 superjacere
3450 3848 3714 3904 solemne
3763 3856 3906 3907 erat

2241 3937 2394 4008 apud
2429 3934 2717 4005 plurimas
2743 3939 2949 4006 gentes
2999 3934 3057 3989 in
3108 3935 3293 4006 luctu,
3345 3937 3600 3994 maxime
3630 3939 3902 3997 funebri.

2240 4026 2322 4081 De
2351 4017 2656 4096 .Egyptiis,
2689 4024 2857 4079 testis
2887 4023 3011 4090 haec
3044 4024 3195 4079 Vita.

2311 4115 2390 4169 De
2422 4111 2696 4167 Romanis
2727 4112 3029 4183 Virgilius,
3059 4112 3160 4168 lib.
3193 4131 3230 4168 x
3260 4114 3513 4188 1Eneid.,
3561 4118 3632 4172 de
3683 4119 3905 4176 Latino

2239 4220 2375 4277 rege
2404 4202 2478 4257 ob
2511 4200 2782 4273 conjugis
2813 4207 2871 4257 et
2902 4202 3068 4258 urbis
3097 4203 3217 4258 fata
3251 4219 3265 4257 :

2769 4336 2781 4348 .
2821 4337 2833 4348 .
2871 4333 2886 4348 .
2925 4334 2939 4348 .
2977 4334 2990 4347 .
3025 4301 3066 4350 it
3093 4301 3256 4350 scissa
3284 4307 3433 4352 veste
3463 4303 3680 4353 Latinus

2328 4359 2580 4426 Conjugis
2612 4363 2870 4426 attonitus
2893 4362 3039 4426 fatis,
3065 4362 3320 4426 urbisque
3352 4365 3531 4423 ruina,

2333 4419 2785 4476 ioﬁi'Canitiem
2803 4425 3081 4474 immundo
3103 4419 3375 4487 perfusam
3400 4419 3620 4490 pulvere
3644 4433 3906 4493 turpans.

2157 4527 2210 4612 b-
2237 4519 2316 4573 Ex
2347 4517 2493 4572 libro
2522 4534 2559 4612 π
2587 4516 2657 4571 de
2689 4515 2964 4570 Mezentio
3003 4518 3238 4586 propter
3271 4515 3526 4573 Lausum
3573 4517 3769 4574 ﬁlium
3822 4522 3906 4578 ab

2234 4613 2411 4664 Enea
2440 4605 2702 4664 occisum
2739 4620 2752 4658 :

2317 4695 2548 4758 Agnovit
2578 4695 2733 4756 longe
2765 4692 3020 4758 gemitum
3047 4705 3297 4758 praesaga
3315 4695 3441 4744 mali
3472 4707 3622 4745 mens
3652 4710 3667 4745 :

2315 4756 2576 4808 Canitiem
2604 4756 2887 4806 immundo
2918 4756 3183 4807 deformat
3210 4756 3548 4820 pulvere.....

2227 4849 2386 4905 Idem
2419 4848 2478 4903 in
2512 4845 2630 4903 Ciri
2665 4863 2678 4901 :

2502 4969 2516 4984 .
2554 4942 2568 4986 ὲ
2608 4969 2621 4983 .
2659 4969 2672 4984 .
2707 4971 2720 4983 .
2757 4967 2772 4984 .
2809 4969 2824 4984 .
2862 4969 2875 4983 .
2909 4933 3068 4984 Clade
3100 4935 3359 4986 exterrita
3388 4935 3528 4986 tristi

2318 4999 2568 5049 Intonsos
2596 4997 2764 5048 multo
2794 4996 3046 5047 deturbat
3074 4996 3294 5060 pulvere
3330 4999 3532 5050 crines.

2223 5079 2487 5135 Catullus
2518 5073 2577 5133 in
2602 5075 3020 5150 Argonauticis
3055 5093 3070 5132 :

2314 5179 2572 5229 Canitiem
2603 5181 2744 5227 terra
2773 5180 2934 5240 atque
2963 5175 3145 5225 infuso
3171 5175 3398 5238 pulvere
3430 5177 3661 5230 findens.

2224 5270 2404 5325 Silius
2439 5268 2698 5336 Italicus,
2733 5266 2832 5322 lib.
2866 5283 2944 5322 xu
2975 5271 3056 5322 De
3085 5264 3409 5338 Campanis
3445 5286 3458 5336 ;

2412 5392 2426 5407 .
2461 5394 2473 5406 .
2512 5392 2526 5405 .
2564 5391 2576 5404 .
2617 5393 2628 5405 .
2665 5370 2810 5406 nunc
2835 5355 3100 5406 fcedentes
3135 5354 3191 5403 in
3223 5355 3444 5418 pulvere
3478 5359 3680 5409 crinem

2315 5422 2628 5470 Canentem.

2219 5509 2480 5578 Οὐίϐιος,
2511 5500 2615 5564 lib.
2650 5513 2747 5563 vm
2779 5506 3199 5578 Metamorph,
3233 5507 3354 5562 tab.
3388 5509 3419 5562 4
3455 5525 3471 5566 :

2309 5661 2538 5726 Pulvere
2550 5658 2803 5726 canitiem
2829 5597 3394 5726 εθίιὶίοῖίέιιῗὲιῖῗιῗιέ
3424 5660 3624 5712 seniles

2309 5725 2498 5776 Fumat
2527 5724 2676 5774 humi
2690 5724 2864 5774 fusus.
