4186 6326
300 443 409 497 407

300 574 391 622 ter
422 571 616 621 noster
647 564 908 637 operitur
937 563 1102 635 galea
1133 579 1237 617 ceu
1272 577 1372 626 Spe
1404 556 1684 614 salutis.»

369 658 419 709 6.
458 649 735 726 Λαμϐάνει
748 654 809 707 τὸ
823 650 1018 707 παλίον
1039 652 1131 705 τὸν
1155 642 1447 725 ἀρραϐῶνα
1467 649 1563 700 τοῦ
1595 641 1837 718 μεγάλου
1872 638 1965 693 καὶ

297 743 597 820 ἀγγελικοῦ
630 744 941 817 σχήματος,
972 740 1047 803 εἷς
1080 738 1280 805 στολὴν
1316 734 1612 813 ἀφθαρσίας
1642 731 1733 785 καὶ
1756 727 1961 802 σεμνό-

290 851 506 904 τητοςε
544 857 572 882 ‹‹
610 838 806 889 Frater
838 837 1038 887 noster
1066 831 1251 886 sumit
1292 827 1534 899 pallium
1571 823 1960 879 arrhabonem

294 925 498 996 magni
530 930 588 979 et
618 922 867 995 angelici
900 922 1138 976 habitus
1170 920 1229 974 in
1254 916 1467 974 stolam
1491 908 1955 983 iucorruptionis

288 1021 349 1070 et
398 1014 821 1071 sanctimonia.
845 1031 871 1063 ι

361 1108 417 1159 7.
451 1099 772 1157 Ὑποδύεται
802 1100 869 1154 τά
898 1096 1165 1153 σανδάλια
1196 1095 1274 1158 εἲς
1302 1092 1613 1166 ἓτοιμασίαν
1663 1094 1760 1146 τοῦ
1790 1088 1956 1162 Εὐαγ-

288 1191 491 1267 γελίου
517 1194 615 1260 τῆς
648 1190 872 1264 εἰρήνης
901 1206 913 1244 :
940 1212 967 1240 ‹‹
992 1190 1193 1245 Frater
1208 1192 1405 1242 noster
1420 1185 1629 1239 subind
1644 1182 1803 1237 uitur
1836 1179 1956 1234 cal-

288 1283 619 1341 ceamentis
655 1283 709 1337 in
737 1279 1227 1353 praeparationem
1249 1274 1544 1347 Evangelii
1580 1272 1760 1344 pacis.
1788 1291 1814 1319 »

367 1374 585 1429 Deinde
638 1371 1039 1427 concludunt:
1089 1359 1294 1422 Ἔλαϐε
1334 1364 1426 1418 τὸν
1483 1354 1774 1436 ἀρραϐῶνα
1850 1359 1951 1411 τοῦ

292 1461 539 1539 μεγάλου
585 1458 676 1514 καὶ
716 1459 1005 1535 ἀγγελικοῦ
1037 1457 1325 1531 σχήματος
1362 1471 1376 1509 :
1438 1476 1465 1503 ‹‹
1514 1456 1710 1506 Frater
1753 1452 1952 1505 noster

290 1552 550 1625 sumpsit
571 1551 962 1606 arrhabonem
992 1546 1187 1618 magni
1218 1550 1276 1600 et
1317 1542 1564 1615 angelici
1622 1540 1881 1595 habitus.
1917 1561 1944 1589 »

368 1644 422 1696 8.
453 1637 669 1694 Δίδοται
692 1643 773 1710 τῷ
801 1636 1125 1706 ἀποκαρέντι
1166 1633 1334 1706 κηρὸς
1365 1632 1454 1685 καὶ
1486 1630 1551 1685 τὸ
1581 1626 1731 1703 ἅγιον
1769 1626 1947 1701 Εὐαγ-

292 1731 500 1806 γέλιον,
529 1730 617 1783 καί
653 1728 900 1803 σταυρὸς,
932 1724 1242 1801 καὶγίνεται
1279 1724 1307 1777 ὁ
1339 1720 1621 1793 ἀσπασμός
1658 1737 1671 1775 :
1709 1720 1944 1774 «Datur

294 1823 540 1877 dctonso
572 1835 798 1884 cereus,
828 1822 886 1873 et
936 1821 1203 1873 sanctum
1262 1811 1665 1884 Evangelium,
1700 1812 1756 1864 et
1801 1825 1942 1863 crux

282 1920 343 1969 et
377 1914 442 1967 fit
475 1908 844 1983 amplexatio.
877 1926 904 1959 ι

566 2042 894 2104 Ἀκολυυϐία
921 2045 1018 2097 τοῦ
1070 2039 1308 2115 μεγάλου
1348 2038 1660 2114 σχήματος.

617 2137 754 2194 Ordo
779 2135 970 2207 magni
1010 2137 1060 2188 et
1090 2129 1328 2201 angelici
1374 2128 1614 2184 habitus.

357 2290 410 2341 1.
442 2284 504 2340 Ὁ
528 2279 705 2357 ἱερεὺς
728 2276 973 2353 κουρεῦει
998 2274 1160 2330 αὐτὸ]
1184 2268 1548 2347 συαυροειδῶς
1578 2268 1653 2332 εἷς
1681 2267 1742 2322 τὸ
1767 2264 1937 2340 ὄνομα

275 2373 378 2429 τοῧ
410 2372 648 2447 Ηατρὸς,
680 2370 886 2427 1053
918 2373 1053 2435 etc.,
1086 2365 1367 2430 Sacerdos
1428 2361 1627 2417 tondet
1683 2376 1818 2415 eum
1878 2359 1936 2413 in

278 2468 539 2523 formam
563 2462 773 2529 crucis,
806 2460 865 2515 in
898 2457 1134 2514 nomine
1167 2454 1374 2524 Patris,
1412 2475 1439 2503 ››
1470 2457 1579 2507 etc.

349 2561 409 2612 2.
441 2556 505 2610 Ὀ
531 2548 767 2628 ἀδελφὸς
794 2551 955 2620 ἡμῶν
986 2547 1014 2600 ὁ
1046 2542 1194 2599 δεῖνα
1222 2540 1459 2598 ἐνδύεται
1486 2543 1697 2615 χιτῶνα
1735 2534 1941 2591 δικαιο-

279 2645 453 2713 σύνης
472 2640 562 2697 καὶ
585 2626 963 2715 ἀγαλλιάσεως
982 2639 1079 2689 τοῦ
1100 2631 1337 2709 μεγάλου
1359 2630 1447 2685 καὶ
1470 2626 1763 2704 ἀγγελικοῦ
1794 2628 1935 2700 σχή-

282 2754 481 2807 ματος,
506 2738 637 2789 etc.:
663 2731 863 2785 Frater
891 2731 1085 2782 nsster
1131 2722 1475 2779 N.induitur
1513 2720 1713 2776 tunica
1757 2717 1939 2789 justi-

280 2828 380 2883 tiae
414 2830 473 2881 et.
493 2818 896 2879 exsultationis
928 2816 1119 2888 magni
1154 2818 1208 2869 et
1234 2811 1760 2885 angelicihabitus.
1786 2831 1814 2858 ››

348 2917 406 2969 3.
435 2905 711 2983 Λαμόάνει
725 2907 786 2961 τὸ
800 2903 910 2960 παλ
922 2904 1000 2962 ίον
1014 2907 1111 2958 τοῦ
1128 2899 1368 2978 μεγάλου
1381 2899 1469 2953 καὶ
1485 2897 1779 2975 ἀγγελικοῦ
1794 2898 1903 2972 σχή
1914 2929 1936 2939 -

281 3023 483 3078 ματος,
504 3000 579 3062 είς
601 2998 803 3066 στολὴν
823 2994 1124 3073 ἀφθαρσίας
1140 2992 1230 3046 καὶ
1250 2991 1604 3064 σεμνότητος,
1623 2995 1732 3044 etc.
1753 3006 1767 3045 :
1792 3012 1818 3039 ‹‹
1834 2995 1936 3043 Su-

277 3096 391 3151 mit
426 3092 672 3165 pallium
689 3088 884 3161 magni
909 3092 965 3142 et
986 3083 1233 3156 angelici
1259 3081 1493 3138 habitus
1524 3080 1580 3134 in
1616 3078 1825 3134 stolam
1846 3078 1933 3132 in-

280 3181 713 3255 corruptionis,
746 3184 801 3235 et
830 3174 1306 3234 sanctimoniae.»

1026 437 1541 496 ONOMASTICON
1583 433 1840 489 RERUM
1879 433 1971 484 ET
2013 432 2411 487 VERBORUM
2448 434 3015 490 DlFFlClLIORUM.

3627 439 3732 496 i198

1982 551 2033 616 Α
2208 558 2331 608 tum
2366 560 2687 624 conservet,
2736 573 2909 627 quem
2953 557 3007 611 in
3068 557 3285 614 virtute
3344 564 3441 614 tua
3501 561 3699 618 induit

2217 643 2480 698 habitum
2517 662 2529 698 :

2144 742 2250 795 Pro
2286 740 2484 796 tunica
2515 742 2750 812 quidem
2771 742 3063 812 justitiam
3100 744 3376 813 amictus,

2142 831 2211 885 Et
2242 847 2344 902 pro
2378 848 2522 886 zona
2557 832 3062 886 mortiﬁcationem
3097 836 3358 904 corporis
3406 840 3461 890 et
3506 839 3725 908 tempe-

2208 920 2460 975 rantiam
2497 921 2552 974 in
2588 920 2780 992 seipso
2814 921 3252 991 circumferens,

2138 1010 2206 1064 Et
2237 1026 2338 1081 pro
2366 1009 2680 1082 scapulari,
2717 1026 2887 1065 cruce
2917 1016 2973 1065 ct
3006 1011 3116 1066 ﬁde
3148 1014 3468 1068 adornatus
3495 1031 3508 1081 ;

2135 1101 2203 1154 Et
2236 1115 2335 1170 pro
2369 1099 2565 1169 pallio,
2601 1098 2752 1155 stola
2783 1099 3239 1170 incorruptionis
3270 1102 3570 1171 munitus;

2133 1189 2553 1244 Calceamentis
2584 1206 2736 1256 vero,
2768 1195 2830 1243 ut
2874 1191 3147 1260 procedat
3176 1191 3235 1245 in
3266 1192 3414 1246 viam
3449 1192 3608 1263 pacis
3660 1199 3717 1251 et

2167 1278 2394 1333 salutis.
2423 1302 2451 1329 »

2130 1378 3011 1449 Sequuntur,post,eademquze
3044 1377 3101 1433 in
3136 1378 3337 1434 ordine
3368 1380 3711 1451 parvisohe-

2058 1465 2231 1521 matis
2262 1467 2332 1521 de
2364 1483 2553 1536 cruce,
2589 1483 2775 1533 cereo,
2809 1466 3261 1537 amplexatione.

2126 1564 2324 1618 Dictus
2358 1564 2585 1619 videtur
2616 1564 2917 1636 angelicus
2945 1564 3202 1634 habitus,
3226 1568 3381 1637 quod
3413 1584 3479 1622 eo
3513 1567 3705 1624 induti

2054 1670 2344 1708 memores
2363 1669 2491 1707 esse
2514 1654 2810 1719 deberent,
2835 1654 3024 1709 vivere
3046 1670 3108 1708 se
3140 1654 3346 1709 debere
3380 1655 3703 1727 angelicam

2048 1743 2223 1797 vitam
2248 1741 2515 1810 Eucbol.,
2538 1743 2834 1813 ρ.102;Σῇ
2867 1742 2967 1815 γὰρ
2999 1743 3279 1805 πεποιθὼς
3318 1742 3702 1818 συνεργίᾳτήν.

2046 1826 2341 1904 ἀγγελικὴν
2358 1828 2638 1884 πολιτείαν
2656 1829 2856 1898 ταύτην
2875 1828 3289 1905 ἐπεισέρχομαι,
3318 1832 3700 1907 φιλάνθρωπε;

1970 1927 2015 1990 Β
2052 1944 2071 1969 ιι
2092 1922 2228 1975 Tuae
2252 1922 2407 1976 enim
2432 1922 2711 1975 obediens
2739 1921 3486 1994 cooperationi,angelicam
3510 1924 3701 1978 viven-

2044 2009 2102 2063 di
2142 2010 2428 2065 rationem
2454 2009 2604 2065 hanc
2624 2010 2857 2079 accedo,
2891 2015 3118 2065 amator
3148 2010 3516 2066 hominum.»
3553 2013 3693 2068 Ruf-

2045 2100 2222 2165 ﬁnus,
2259 2099 2356 2153 lib.
2383 2116 2447 2153 ιι.
2481 2116 2607 2170 cap.
2647 2100 2704 2153 11
2742 2100 2812 2154 de
2844 2103 2972 2154 llor:
3025 2121 3052 2147 ‹‹
3088 2100 3189 2153 Hic
3231 2098 3549 2155 multorum
3574 2107 3700 2157 erat

2045 2189 2541 2244 monasteriorum
2567 2188 2753 2258 Pater,
2777 2187 2873 2258 qui
2899 2187 3098 2243 habitu
3125 2187 3251 2259 ipso
3266 2188 3504 2243 honoris
3537 2189 3698 2245 vide-

2042 2278 2218 2333 batur
2248 2278 2552 2348 angelici.»
2583 2282 2660 2333 De
2688 2278 2894 2333 eodem
2919 2276 3239 2343 Palladius,
3272 2293 3399 2349 cap.
3430 2278 3484 2333 9:
3533 2299 3562 2328 «
3583 2282 3698 2333 Ha-

2043 2367 2189 2421 bens
2213 2366 2576 2421 monasteria
2599 2365 2755 2420 mille
2774 2366 3253 2433 fratrum,habitu
3279 2366 3540 2437 angelico
3563 2384 3704 2439 pras-

2044 2455 2222 2510 ditus.
2252 2476 2279 2503 »
2303 2455 2596 2524 Rufﬁnus,
2632 2454 2730 2509 lib.
2767 2471 2829 2524 ιι,
2886 2471 3014 2527 cap.
3067 2456 3119 2519 4,
3183 2456 3254 2510 de
3309 2455 3484 2511 Beno:
3542 2480 3561 2508 ι
3598 2456 3703 2511 Per

2044 2544 2242 2599 omnia
2272 2545 2441 2615 quasi
2473 2542 2724 2615 angelici
2748 2544 2972 2599 ordinis
3004 2544 3109 2598 vir.
3135 2566 3162 2593 ››

2115 2643 2276 2713 Apud
2315 2640 2659 2713 Dionysium
2712 2656 2942 2712 quoque
2992 2641 3424 2714 Areopagitam,
3482 2658 3607 2713 cap.
3642 2643 3697 2711 6,

2044 2738 2189 2801 part.
2218 2749 2278 2799 ιι,
2312 2730 2467 2786 Eccl.
2500 2731 2736 2799 bierar.,
2771 2722 2871 2786 ubi
2907 2731 3101 2803 agitur
3133 2732 3203 2788 de
3263 2731 3539 2803 mysterio
3570 2748 3698 2787 mo-

2045 2819 2281 2875 nasticae
2299 2819 2845 2886 consummationis,
2874 2820 3361 2875 mentiotonsuraz
3376 2836 3507 2875 cum
3525 2820 3694 2893 signo

2043 2908 2235 2963 crucis
2257 2908 2621 2963 etTrinitatis
2648 2908 3035 2977 invocatione,
3061 2907 3408 2964 mutationis
3428 2909 3697 2975 vestis,et

2043 2998 2619 3071 amplexationis,seu
2637 2999 3149 3070 salutationisz'l‘fp
3174 2995 3510 3073 σταυροειδεῖ
3535 2998 3692 3071 τύπῳ

2043 3087 2474 3166 σφραγισάμενος
2517 3086 2677 3142 αὐτὸν
2700 3088 2727 3142 ὁ
2758 3088 2957 3162 ἱερεὺς,
2984 3088 3283 3162 ἀποκείρει,
3328 3089 3428 3157 τήν
3467 3089 3693 3163 τρισσήν

2039 3183 2139 3245 τῆς
2172 3176 2315 3240 θείας
2352 3171 3086 3251 μακαριότητοςὲπιϐοήσας
3119 3176 3438 3243 ὑπόστασιν,
3468 3176 3559 3231 καὶ
3588 3179 3689 3246 τὴν

346 3276 402 3329 4.
423 3268 700 3328 Ἑνδῦεται
722 3268 784 3322 τὸ
805 3264 1132 3322 κουκούλιον
1155 3260 1513 3332 τῆςᾶκακίας.
1539 3258 1615 3322 εἷς
1634 3277 1924 3335 περικεφα·
1954 3291 2000 3359 C
2042 3264 2241 3333 ἐσθῆτα
2271 3269 2441 3319 πᾶσαν
2476 3264 2837 3342 ἀπαμφιέσας,
2864 3263 3046 3340 ετὲραν
3070 3265 3410 3342 ἀμφιέννυσι,
3434 3264 3525 3319 καὶ
3561 3265 3695 3338 μετά

271 3362 438 3419 λαίαν
474 3357 698 3421 ἐλπίδος
720 3356 1020 3430 σωτηρίουζ
1055 3354 1326 3411 Induitur
1372 3350 1663 3409 cucullam
1698 3347 1930 3420 simpli-

274 3453 479 3510 citatis
510 3452 569 3506 in
602 3450 827 3522 galeam
860 3446 985 3520 spei
1017 3444 1313 3500 salutaris.
1349 3465 1377 3492 ››

350 3547 407 3600 5.
436 3535 820 3612 Λαμόάνειτὸν
850 3529 1123 3590 ἀνάλαϐυν
1150 3532 1201 3587 ἐν
1219 3530 1562 3603 ὀνόματιτοῦ
1585 3528 1814 3602 ΙΙατρὸς,
1842 3528 1932 3581 καὶ

267 3637 372 3689 τοῦ
395 3629 547 3699 Υίοῦ,
592 3627 681 3683 καὶ
712 3631 810 3681 τοῦ
846 3623 1004 3699 άγίου
1033 3621 1365 3694 Πνεύματος,
1403 3612 1803 3690 ἀναλαμϐάνων
1839 3618 1929 3671 τὸν

274 3721 511 3795 σταυρὸν
533 3718 695 3773 αὐτοῦ
709 3716 794 3771 ἐπὶ
818 3718 926 3770 τῶν
944 3708 1135 3787 ὤμων,
1150 3711 1238 3766 καὶ
1264 3708 1580 3772 ἀκολουθῶν
1601 3711 1682 3779 τῷ
1701 3704 1932 3780 δεσπότῃ

271 3806 519 3884 Χριστῷε
546 3831 573 3857 ‹‹
599 3807 825 3878 Accipit
854 3803 1159 3875 scapulare
1180 3802 1237 3855 in
1261 3799 1493 3856 nomine
1518 3797 1704 3853 Patris
1726 3801 1782 3851 et
1806 3796 1931 3851 Filii

271 3907 328 3955 et
351 3899 609 3972 Spiritus
632 3895 1159 3964 sancti,assumens
1181 3905 1412 3945 crucem
1432 3903 1600 3942 suam
1624 3885 1682 3940 in
1724 3884 1930 3939 hume-

275 4007 402 4059 ros,
435 4004 689 4059 sequens
726 3984 1034 4040 Dominum
1057 3981 1377 4038 Christum.
1413 4000 1442 4027 »

353 4081 410 4134 6.
450 4076 843 4152 ΙΙεριζώννυται
872 4073 972 4140 τὴν
999 4069 1164 4148 ὀσφὺν
1189 4068 1354 4123 αὐτοῦ
1386 4064 1609 4138 δύναμιν
1639 4063 1928 4135 ἀληθείαςε

284 4192 304 4222 ι
337 4167 558 4225 Fratris
582 4164 765 4222 nostri
794 4163 978 4218 lumbi
1012 4162 1329 4233 cinguntur
1359 4158 1572 4212 virtute
1595 4156 1872 4211 veritatis.
1904 4178 1931 4204 »

348 4261 405 4316 7.
438 4253 759 4310 ’Υποδόεται
796 4251 863 4306 τὰ
884 4247 1144 4305 σανδάλια
1184 4246 1259 4310 είς
1279 4244 1591 4318 ἑτοιμασίαν
1631 4248 1727 4299 τοῦ
1758 4242 1932 4319 Εὐαγ-

274 4346 473 4423 γελίου
501 4351 599 4415 τῆς
630 4343 850 4417 εἰρήνης
880 4359 893 4397 :
925 4364 948 4394 ι
975 4338 1370 4397 Subinduitur
1404 4335 1815 4391 calceamentis
1872 4334 1931 4387 in

279 4437 771 4511 praeparationem
800 4429 1089 4502 Evangelii
1126 4428 1308 4500 pacis.
1335 4449 1361 4476 »

351 4526 697 4583 Concludit:
724 4515 928 4576 Ἔλαϐε.
940 4520 1000 4573 τὸ
1022 4515 1262 4591 μεγάλον
1283 4514 1375 4569 καὶ
1398 4510 1682 4589 ἀγγελικὸν
1699 4518 1896 4586 σχῆμα
1917 4529 1929 4567 :

278 4641 303 4667 α
328 4616 602 4688 Sumpsit
625 4629 903 4686 magnum
936 4615 992 4665 et
1020 4607 1351 4681 angelicum
1386 4605 1673 4659 habitum.
1704 4626 1732 4653 ››

350 4709 490 4771 Qua:
523 4703 691 4774 quasi
723 4706 989 4774 repetens
1033 4695 1471 4769 recapitulatur,
1526 4698 1580 4749 et
1630 4692 1928 4764 explicans

281 4795 559 4868 exprimit
588 4810 794 4849 rursus
823 4793 881 4847 in
915 4789 1177 4846 oratione
1206 4806 1219 4844 :

349 4890 470 4940 Ἵνα
487 4883 538 4938 ἐν
563 4884 814 4958 ἁγιασμῷ
839 4878 1303 4951 πολιτευσάμενος
1334 4875 1564 4931 άσπιλον
1596 4872 1927 4947 διατηρήση.

278 4975 412 5049 ὅπερ
440 4978 509 5048 τῇ
534 4971 757 5045 δυνάμει
792 4992 885 5025 σου
908 4966 1188 5023 ἐνεδύσατο
1216 4974 1429 5042 σχῆμασ

350 5069 452 5135 Τᾦ
487 5064 581 5134 μὶν
611 5065 803 5136 χιτῶνι
835 5062 934 5129 τὴν
968 5057 1312 5126 δικαιοσύνην
1343 5054 1749 5130 ἀμπεχόμενος.

350 5157 439 5228 Τῇ
464 5151 530 5222 δὴ
558 5152 685 5221 ζόνη
716 5152 814 5220 τήν
838 5151 1094 5226 νὲκρωσιν
1125 5153 1221 5203 τοῦ
1255 5149 1538 5220 σώματος,
1567 5146 1655 5199 καὶ
1690 5146 1788 5213 τήν
1821 5166 1930 5198 σω-

284 5245 564 5324 ςρροσύνην
594 5243 648 5298 ἐν
680 5244 854 5298 ἒαυτῶ
885 5240 1215 5316 περιφέρων.

480 5332 537 5389 δὲ
568 5328 846 5405 ἀναλάϐω,
878 5336 957 5402 τῷ
989 5335 1205 5404 σταυρῷ
1231 5332 1302 5403 τῇ
1335 5327 1424 5384 καὶ
1456 5327 1632 5382 πίστει
1667 5349 1923 5383 κατακοσ-

287 5426 586 5499 μοῦμενος.

351 5518 449 5584 Τῷ
471 5511 527 5568 δὲ
553 5507 915 5587 περιϐολαίῳ,
943 5509 1144 5579 στολήν
1160 5507 1450 5587 ἀφθαρσίας
1464 5512 1925 5583 θωρακιζὸμενος.

355 5605 488 5663 Τοῖς
522 5599 579 5656 δὲ
611 5598 941 5669 σανδαλίοις,
968 5597 1056 5653 ’ίνα
1100 5594 1262 5672 ἐπιϐῇ
1294 5598 1362 5672 τῇ
1396 5596 1509 5670 ὁδῷ
1556 5605 1654 5669 τῆς
1680 5599 1926 5673 εἶίρήνης,

284 5694 371 5747 καὶ
395 5701 494 5761 τῆς
538 5691 827 5765 σωτηρίας.

287 5808 306 5831 ι
350 5782 421 5839 Ut
451 5785 508 5838 in
533 5782 993 5838 sanctiﬁcatione
1016 5781 1190 5836 vitam
1220 5780 1557 5849 instituens,
1586 5782 1927 5840 immacula-

2039 3358 2147 3408 τῶν
2174 3351 2359 3408 ἄλλων
2392 3354 2553 3427 ἰερῶν
2580 3352 2815 3427 ἀνδρῶν,
2856 3355 2971 3408 ὅσοι
3001 3353 3268 3429 πάρεισιν,
3312 3352 3691 3427 ἀσπασάμενος

2035 3442 2194 3498 αὐτὸν
2226 3444 2488 3497 κοινωνὸν
2523 3442 2789 3499 ἀποτελεῖ
2832 3447 2940 3498 τῶν
2976 3443 3281 3518 θεαρχικῶν
3320 3442 3633 3517 μυστηρίων
3669 3462 3683 3500 :

2035 3557 2063 3584 «
2092 3535 2461 3605 Consignans
2494 3552 2628 3590 eum
2661 3534 2826 3605 signo
2859 3536 3051 3590 crucis
3105 3534 3406 3600 sacerdos,
3469 3534 3692 3602 tondet,

2035 3622 2224 3677 trinas
2247 3622 2456 3676 divinas
2488 3621 2865 3677 beatitudinis
2895 3639 3176 3693 personas
3198 3622 3688 3690 inelamans;exu-

2036 3715 2281 3780 tumque
2317 3713 2471 3764 veste
2501 3710 2682 3775 omni,
2717 3709 2889 3763 aliam
2913 3710 3125 3781 inquit,
3187 3716 3243 3766 et
3274 3728 3407 3766 cum
3467 3712 3688 3766 sanctis

2037 3797 2168 3854 aliis
2198 3798 2295 3868 qui
2331 3801 2528 3853 astant
2567 3797 2705 3852 viris
2752 3798 2947 3869 ipsum
3007 3798 3293 3868 salutans,
3354 3799 3683 3854 divinorum

2038 3887 2448 3961 mysteriorum
2484 3887 2821 3959 participem
2857 3887 3103 3961 efﬁcit.»
3128 3888 3197 3942 Et
3220 3888 3482 3960 mysterii
3505 3886 3687 3959 expli-

2035 3978 2322 4033 cationem
2356 3978 2667 4049 subjungit
2693 3994 2705 4033 :

2103 4074 2163 4129 Ἥ
2196 4070 2254 4127 δὲ
2281 4076 2377 4127 τοῦ
2410 4069 2792 4147 σταυροειδοῦς
2824 4071 2997 4127 τύπου
3028 4074 3276 4151 σφραγὶς,
3311 4072 3384 4134 ὡς
3412 4069 3521 4142 ἤδη
3557 4074 3687 4147 παρ’

2033 4165 2067 4231 ἡ
2080 4167 2195 4235 μῶν
2217 4160 2451 4234 εἶ’ρηται,
2484 4159 2759 4232 δηλοῖτήν
2779 4167 2961 4215 πασῶν
2981 4164 3121 4235 ὁμοῦ
3152 4167 3261 4217 τῶν
3283 4166 3555 4236 σαρκικῶν
3577 4161 3691 4236 ὀρέ*

2034 4254 2164 4324 ξεων
2198 4251 2602 4327 ἀνενεργησίανζ
2636 4256 2708 4308 At
2736 4270 2869 4309 vero
2901 4254 3093 4310 crucis
3146 4260 3359 4310 sancite
3407 4255 3691 4327 signacu-

2034 4343 2181 4409 lum,
2216 4349 2279 4397 ut
2302 4345 2426 4412 jam
2459 4343 2683 4397 dictum
2714 4348 2827 4410 est,
2863 4343 3371 4399 mortificationem
3422 4344 3689 4400 omnium

2036 4430 2215 4487 simul
2248 4431 2571 4485 carnalium
2608 4432 2998 4503 cupiditatum
3029 4433 3243 4504 signat.
3268 4456 3295 4484 »

2106 4530 2166 4583 Ἡ
2197 4525 2255 4583 δὲ
2285 4533 2393 4582 τῶν
2425 4532 2638 4603 τριχῶν
2671 4529 2987 4599 ἀπόκαρσις,
3021 4528 3267 4607 ἐμφαίνει
3309 4530 3407 4599 τὴν
3454 4528 3687 4604 καθαράν

2035 4620 2125 4675 καὶ
2158 4618 2569 4693 ἀσχημάτιστον
2607 4619 2775 4687 ζωὴν,
2805 4619 2904 4674 οὐκ
2954 4618 3310 4683 ἐπιπλάστοις
3350 4620 3689 4695 σχήμασιντὸ

2038 4710 2174 4763 κατά
2191 4712 2314 4762 νοῦν
2339 4705 2575 4767 δυσειδὲς
2599 4706 3407 4779 ἐπιϐετικῶςκαλλωπίζουσαν,
3438 4706 3566 4761 ἀλλ’
3596 4708 3687 4762 αὐ-

2038 4800 2137 4867 τὴν
2171 4797 2252 4873 ἐφ’
2274 4799 2468 4867 ἑαυτῆς
2492 4798 2588 4852 οὸκ
2613 4797 2975 4872 ἀνθρωπικοῖς
2998 4797 3279 4870 κάλλεσιν,
3314 4797 3439 4853 ἀλλ’
3466 4796 3687 4859 ὲνιαίοις

2037 4890 2126 4943 καὶ
2155 4894 2422 4963 μοναχοῖς
2442 4888 2518 4951 εἷς
2546 4889 2606 4943 τὸ
2631 4886 3033 4952 Οεοειδέστατον
3052 4888 3393 4963 ἀναγομένην
3422 4908 3435 4945 :
3463 4913 3489 4937 ‹‹
3517 4891 3689 4944 Porro

2039 4985 2282 5035 tonsura
2312 4980 2563 5034 crinium
2616 4981 2791 5034 vitam
2846 4979 3296 5035 mundissimam
3359 4978 3601 5041 indicat,
3634 4984 3691 5032 et

2040 5069 2201 5124 nulla
2235 5071 2421 5141 figura
2453 5070 2730 5134 fucatam,
2766 5075 2967 5139 etque:
3006 5068 3183 5123 nullis
3217 5069 3367 5123 fictis
3392 5066 3689 5123 coloribus

2037 5158 2295 5213 inductis
2328 5159 2509 5212 animi
2539 5159 2967 5213 deformitatem
3002 5161 3280 5223 exornet;
3328 5156 3427 5210 sed
3476 5155 3605 5227 ipsa
3631 5157 3690 5211 in

2040 5248 2234 5319 seipsa
2260 5264 2371 5301 non
2398 5247 3128 5312 humanisvenustatibus,
3155 5247 3255 5300 sed
3289 5245 3692 5317 singularibus

2037 5344 2095 5391 et
2128 5335 2337 5397 unicis.
2373 5337 2441 5389 ad
2469 5335 2568 5391 Dei
2599 5335 3032 5391 exactissimam
3085 5333 3537 5389 similitudinem
3562 5351 3693 5406 pro-

2039 5431 2216 5499 peret.
2243 5448 2271 5475 »

2107 5520 2162 5567 ’Π
2192 5510 2248 5567 δὲ
2268 5520 2368 5582 τῆς
2387 5511 2652 5588 προτέρας
2678 5510 2902 5583 ἐσθῇτος
2948 5506 3225 5581 ἀποϐολὴ,
3250 5512 3339 5567 καὶ
3380 5520 3478 5583 τῆς
3512 5513 3693 5588 ἒτέρας

2039 5602 2233 5676 λῆψις,
2253 5605 2350 5671 τὴν
2369 5602 2473 5656 ἀπὸ
2491 5600 2659 5673 μέσης
2674 5600 2821 5673 ἱερὰς
2855 5605 2998 5670 ζωῆς
3017 5600 3101 5655 ἐπὶ
3126 5602 3225 5670 τὴν
3243 5602 3572 5676 τελεωτέραν
3593 5623 3689 5674 με-

2036 5694 2251 5763 τάταξιν
2283 5690 2551 5766 ἐμφαίνει”
2596 5690 2835 5762 καθάπερ
2872 5688 2958 5745 ἐπὶ
2988 5697 3088 5760 τῆς
3117 5693 3263 5767 ἱερᾶς
3293 5691 3618 5767 θεογενεσίας
3650 5694 3685 5759 ἡ

2038 5790 2140 5853 τῆς
2167 5781 2393 5852 ἐσθῆτος
2420 5782 2640 5856 ἄμειψις
2666 5774 2871 5848 ἐδήλου
2892 5782 2990 5850 τὴν
3012 5780 3521 5859 ἀποκαθαιρομένης
3538 5783 3649 5846 ζωῆ
3677 5797 3709 5833 ι.
