4156 6328
298 383 411 437 513

1030 384 1535 442 ONOMASTICON
1574 388 1827 443 RERUM
1867 390 1959 441 ET
2000 391 2399 447 VERBORUM
2441 395 2998 451 DIFFICILIORUM.

3605 399 3714 454 514

302 507 709 577 Manuscripto
745 507 933 563 citat:
973 528 999 559 ι
1031 508 1177 571 Quia
1225 515 1515 580 quartano
1561 516 1695 583 typo
1728 511 1953 582 gravis-
1987 526 2037 590 Α
2069 514 2402 585 undecima,
2455 517 2513 571 in
2574 534 2690 589 qua
2750 518 3074 574 lucernaris
3133 519 3277 574 hora
3337 521 3627 593 signatur.
3684 544 3711 571 »

306 601 483 665 sime,
517 599 728 669 etiam
782 616 885 669 per
932 616 1156 654 annum
1206 606 1263 654 et
1306 618 1372 656 eo
1423 601 1680 673 amplius
1714 602 1961 657 vexaba-

300 693 424 743 tur.
464 710 491 735 ››
524 687 630 742 Ubi
667 705 876 742 rursus
921 690 1148 760 reponit
1174 695 1386 761 pyreto.
1436 692 1545 745 Sed
1608 691 1789 746 nostri
1826 690 1961 745 libri

297 795 373 833 eo
407 777 531 833 loco
563 777 859 833 habebant
910 779 1178 833 absolute
1208 784 1506 851 quartana,
1540 780 1748 853 supple
1794 781 1956 850 febri.

300 868 434 924 Vita
466 868 655 923 sancti
679 866 1034 922 Winebaudi
1067 867 1323 934 abbatis,
1350 870 1406 923 in
1445 870 1956 941 Promptuariosa-

298 973 541 1011 orarum
577 956 1011 1027 Antiquitatum
1036 957 1374 1013 Tricassinaz
1396 958 1695 1013 dicecesis:
1725 980 1755 1011 a
1775 960 1957 1023 Quem

300 1048 561 1102 tertiana
613 1052 786 1118 typus
836 1046 1226 1102 incommodis
1277 1049 1646 1119 gravissimis
1692 1064 1961 1119 perurge-

297 1136 429 1191 bat.
466 1159 495 1183 »
527 1136 633 1191 Ubi
667 1136 1071 1207 nequidquam
1101 1136 1672 1192 NicolaosCamuzat
1703 1137 1957 1193 scholia-

296 1230 429 1281 stes
474 1225 780 1280 exismavit
836 1235 999 1297 typus
1050 1242 1547 1296 supervacaneum
1603 1244 1753 1297 esse,
1786 1233 1841 1282 et
1897 1226 1956 1280 in

296 1321 528 1370 textum
564 1315 886 1383 irrepsisse.
922 1315 1236 1387 Gregorius
1257 1316 1638 1383 Turonensis,
1660 1316 1740 1371 De
1771 1317 1958 1388 gloria

295 1405 594 1473 Confess,
619 1421 669 1459 c.
702 1405 771 1458 2-4
805 1420 819 1458 :
855 1426 882 1453 ‹‹
917 1406 955 1459 Α
989 1410 1276 1474 quartano
1325 1410 1460 1479 typo
1493 1405 1886 1477 quatiebatur.
1928 1426 1953 1457 ι

294 1494 377 1547 Et
406 1511 533 1564 cap.
563 1495 633 1548 82
668 1511 681 1549 :
715 1516 739 1543 ο(
774 1495 1060 1557 Quartant
1092 1495 1214 1566 typi
1237 1500 1547 1550 vexaretur
1567 1495 1902 1550 ardoribus.
1931 1517 1957 1543 ››

297 1583 469 1637 Idem
503 1582 560 1637 in
597 1583 727 1637 Vita
758 1583 929 1651 Galli,
963 1583 1021 1637 in
1072 1584 1221 1638 Vitis
1276 1585 1511 1641 Patrum
1546 1602 1579 1639 a
1610 1601 1673 1639 se
1703 1585 1957 1639 conscri-

296 1672 425 1743 ptis
460 1688 472 1726 :
508 1695 533 1721 ‹‹
568 1672 711 1727 Cum
742 1672 1039 1743 Julianus,
1074 1690 1106 1728 a
1140 1678 1427 1745 quartano
1461 1678 1596 1746 typo
1630 1678 1953 1743 correptus,

300 1761 563 1833 graviter
595 1762 980 1817 cruciaretur.
1020 1784 1047 1810 »
1077 1767 1145 1817 Et
1175 1779 1306 1818 mox
1337 1780 1349 1817 :
1385 1786 1410 1811 ‹‹
1446 1762 1894 1818 Valentinianus
1927 1779 1959 1815 a

297 1858 445 1923 typo
478 1856 765 1922 quartano
797 1852 1135 1923 corripitur.
1172 1876 1195 1904 ι

384 1959 462 2015 De
490 1959 702 2029 frigore
758 1964 813 2015 et
863 1960 1195 2031 frigoreticis
1236 1960 1404 2016 testis
1434 1961 1706 2019 estidem
1739 1963 1956 2033 Grego-

308 2051 464 2119 rius,
498 2050 578 2104 De
608 2049 795 2122 gloria
823 2050 1111 2118 Confess.,
1148 2051 1336 2122 capite
1365 2054 1433 2106 24
1468 2068 1481 2107 :
1520 2074 1549 2103 «
1576 2056 1720 2107 Nam
1754 2050 1958 2124 quanti

296 2138 526 2210 frigora
561 2140 742 2209 passi,
792 2139 993 2208 quanti
1024 2157 1055 2194 a
1082 2139 1337 2211 pustulis
1387 2141 1559 2196 malis
1604 2157 1827 2196 veneno
1862 2141 1954 2195 in-

300 2232 615 2283 crassante
647 2228 1037 2299 prmmortui?
1070 2252 1097 2279 ››
1132 2229 1228 2283 ubi
1276 2228 1501 2300 frigora
1550 2235 1691 2285 sunt
1735 2229 1957 2301 frigidae

297 2317 519 2372 febres.
558 2317 699 2372 Inde
727 2316 1041 2388 [rigorelici
1086 2318 1275 2374 eidem
1321 2319 1619 2390 Gregorio,
1654 2324 1730 2374 De
1774 2318 1959 2391 gloria

292 2411 651 2478 Martyrum,
685 2406 787 2461 lib.
823 2424 841 2460 ι
872 2423 1000 2478 cap.
1035 2408 1107 2461 75
1139 2423 1151 2462 :
1187 2430 1215 2457 «
1254 2412 1396 2463 Nam
1428 2408 1478 2463 si
1512 2409 1611 2479 qui
1646 2425 1801 2463 nunc
1853 2410 1953 2463 tri-

300 2495 555 2569 goretici
584 2495 644 2551 in
688 2496 816 2565 ejus
862 2496 1080 2551 honore
1130 2496 1347 2552 missas
1395 2498 1597 2553 devote
1642 2497 1953 2568 celebrent,

293 2588 551 2657 ejusque
582 2602 683 2656 pro
735 2586 934 2657 requie
984 2589 1097 2640 Deo
1146 2587 1391 2642 offerant
1429 2586 1783 2643 oblationem
1834 2593 1955 2642 sta-

289 2674 411 2729 tim
470 2675 824 2745 compressis
884 2674 1266 2743 tremoribus,
1314 2675 1609 2731 restinctis
1666 2675 1955 2742 febribus,

293 2763 543 2820 sanitati
576 2763 836 2833 pristinze
868 2769 1296 2820 restaurantur.
1332 2787 1361 2813 »
1393 2766 1461 2819 Et
1492 2764 1593 2821 lib.
1636 2765 1716 2820 De
1770 2764 1956 2836 gloria

294 2853 761 2921 Comfessorum,
795 2869 923 2925 cap.
954 2854 1024 2907 59
1058 2870 1071 2907 :
1108 2876 1135 2904 ‹‹
1166 2851 1312 2908 Nam
1345 2853 1744 2925 energumeni,
1774 2854 1951 2925 frigo-

296 2940 497 3009 retici,
529 2940 834 3013 caterique
866 2942 1083 2996 intirmi
1119 2941 1464 3013 plerumque
1495 2942 1566 2997 ad
1599 2944 1729 3013 ejus
1762 2948 1953 2998 tumu-

292 3031 431 3085 lum
476 3035 803 3098 exorantes,
852 3034 1091 3102 accepta
1133 3030 1536 3087 incolumitate
1586 3033 1888 3087 recedunt.
1925 3052 1950 3084 υ

289 3122 365 3176 Et
400 3136 531 3192 cap.
561 3121 628 3174 64
664 3136 676 3175 :
714 3141 739 3172 α
775 3120 865 3175 Ad
916 3122 1086 3191 cujus
1116 3120 1412 3176 tumulum
1458 3119 1676 3192 saepius
1710 3121 1955 3192 frigore-

290 3208 423 3275 tici,
475 3209 785 3280 ceterique
842 3209 1061 3264 infirmi
1119 3214 1427 3266 sanantur.
1463 3232 1490 3260 ››
1532 3213 1603 3265 Et
1632 3226 1760 3282 cap.
1794 3212 1891 3265 101
1931 3228 1945 3267 :

287 3321 319 3347 κ
356 3297 508 3353 Nam
541 3302 598 3353 et
627 3275 1091 3369 frigoreticorum
1118 3298 1328 3365 febres,
1352 3303 1409 3354 et
1426 3298 1541 3355 alia
1576 3275 1949 3355 incommoda
1980 3275 2023 3343 C

297 3388 434 3458 ejus
455 3387 684 3442 meritis
705 3387 1209 3459 restinguuntur.»
1227 3388 1385 3443 Idem
1415 3388 1474 3443 in
1488 3388 1617 3444 Vita
1638 3389 1956 3460 Monegun-

302 3476 424 3543 dis,
457 3475 516 3530 in
547 3474 698 3532 Vitis
733 3477 971 3532 Patrum
1005 3494 1039 3533 a
1064 3494 1126 3533 se
1152 3476 1501 3549 conscriptis
1535 3495 1551 3530 :
1588 3498 1612 3529 α
1644 3476 1952 3549 Frigoreti-

294 3582 404 3620 cus
461 3581 698 3637 quoque
756 3566 1039 3621 accedens
1100 3567 1170 3621 ad
1226 3566 1337 3621 hoc
1385 3573 1860 3636 monumentum,
1892 3572 1956 3621 ut

297 3653 521 3727 pallam
555 3659 849 3726 tegentem
883 3655 1101 3726 attigit,
1136 3655 1414 3710 restincta
1453 3654 1822 3727 contagionis
1872 3656 1952 3710 fe-

297 3745 407 3798 bre
465 3744 781 3799 convaluit.
818 3768 841 3795 ι
880 3745 949 3799 Et
1004 3746 1061 3800 in
1126 3744 1258 3799 Vita
1307 3744 1495 3800 sancti
1557 3744 1747 3800 Martii
1797 3745 1951 3815 apud

302 3835 578 3889 eumdem
615 3850 627 3887 :
661 3853 691 3885 ι
725 3833 1213 3905 Frigoreticorum
1264 3834 1559 3890 vibrantia
1605 3836 1887 3890 membra.
1920 3856 1949 3885 »

298 3924 442 3978 Item
478 3923 539 3977 in
572 3922 704 3978 Vita
734 3922 943 3993 Niceti,
972 3922 1232 3995 episcopi
1251 3924 1948 3995 Lugdunensis,ihidem.

288 4013 454 4075 Quod
488 4013 548 4067 in
584 4012 844 4067 Palladio
875 4012 1069 4068 Graeco
1111 4018 1200 4069 est
1234 4030 1283 4068 c.
1319 4015 1384 4067 12
1416 4015 1574 4085 (nam
1610 4014 1810 4069 Latino
1848 4014 1950 4069 de-

288 4102 399 4171 est)
437 4117 451 4157 ε
485 4099 565 4156 Οὗ
595 4097 658 4153 τὸ
711 4106 904 4172 μνῆμα
952 4100 1168 4176 λέγεται
1217 4099 1529 4175 θεραπεύειν
1575 4100 1779 4163 πάντας
1827 4098 1953 4161 τοὺς

293 4189 731 4263 ὁιγιαζομένους.
771 4211 792 4239 ι
826 4191 1034 4246 Fertur
1065 4191 1243 4261 hujus
1268 4197 1716 4248 monumentum
1746 4207 1953 4247 sanare

294 4296 501 4335 omnes
537 4279 941 4352 frigoreticos;
1000 4304 1026 4329 ››
1074 4280 1392 4336 Heraclidis
1426 4281 1716 4352 interpres
1759 4280 1949 4351 vertit,

294 4395 322 4419 ‹‹
358 4369 609 4424 diversis
666 4370 927 4425 febribus
971 4370 1325 4425 laborantes.
1361 4390 1386 4421 ι
1440 4369 1501 4422 τὸ
1558 4368 1713 4443 ῥῖγος
1768 4371 1952 4439 frigus

293 4460 591 4517 vehemens
622 4465 811 4515 sonat.
844 4461 1011 4531 Apud
1061 4460 1317 4516 Medicos
1348 4452 1797 4534 ἐπιϐολὴρίγους,
1845 4458 1953 4532 fri-

297 4549 505 4620 goricis
532 4551 801 4615 accessio;
846 4554 902 4604 et
944 4551 1098 4621 apud
1142 4549 1563 4619 Dioscoridem,
1599 4546 1725 4623 ῥίγη
1762 4567 1948 4621 περιο-

294 4636 424 4691 δικᾶ
452 4640 669 4709 rigores
697 4639 937 4709 febrium
961 4638 1198 4694 circuitu
1228 4640 1538 4709 redeuntes,
1568 4642 1625 4693 et
1647 4634 1949 4713 ῥιγοῦντες,
1984 4646 2031 4709 D

300 4729 403 4799 qui
423 4728 627 4798 algent.

368 4815 564 4871 Vavm.
603 4815 835 4871 Occurit
867 4816 1177 4888 aliquoties
1228 4818 1285 4871 in
1335 4815 1468 4872 Vita
1510 4816 1758 4871 Joannis
1791 4816 1953 4872 Elee»

304 4904 644 4978 mosynarii.
678 4906 1002 4977 Hesychius
1058 4925 1077 4959 :
1138 4899 1303 4960 Βαϐαῖ
1357 4904 1696 4976 θαυμαστικὴ
1748 4906 1950 4982 φωνήε

300 5018 328 5045 α
365 4996 549 5064 Babw,
582 5012 689 5050 vox
738 4995 1107 5051 admirantis.
1149 5016 1177 5045 »
1224 4995 1471 5051 Lexicon
1501 4994 1953 5051 Graeoolatinum

304 5084 506 5159 Cyrilli
545 5101 556 5138 :
592 5076 786 5153 Βαϐαί,
809 5085 998 5139 Babae.

368 5191 782 5247 Vssrsa'rmom
833 5209 1041 5247 LUMEN.
1103 5190 1425 5261 Palladius,
1476 5208 1605 5262 cap.
1666 5192 1782 5247 38:
1828 5216 1849 5243 α
1885 5194 1955 5249 Et

299 5297 436 5338 cum
497 5282 567 5336 ad
622 5282 1023 5352 vespertinum
1076 5280 1278 5336 lumen
1332 5279 1616 5336 venirent.
1653 5300 1678 5332 ι
1713 5280 1953 5338 Graece:

302 5368 354 5422 ἐν
378 5372 461 5439 τῷ
493 5365 767 5441 λυχνικῷ,
804 5369 860 5423 in
896 5371 1234 5425 lucernario.
1282 5369 1640 5435 Heraclides,
1674 5387 1802 5442 cap.
1840 5372 1909 5427 19
1942 5389 1955 5427 :

307 5481 331 5510 α
398 5460 638 5529 quando
711 5459 783 5513 ad
856 5460 1262 5530 vespertinum
1334 5459 1533 5514 lumen
1602 5460 1955 5517 venirent.»

308 5548 372 5603 In
434 5547 564 5603 Vita
623 5547 945 5613 Pachomii,
1001 5566 1131 5620 cap.
1185 5550 1278 5618 2'2,
1340 5548 1652 5605 duodecim
1708 5550 1958 5621 diurnas,

300 5636 620 5692 duodecim
694 5636 1063 5708 vespertinas,
1124 5641 1183 5692 et
1241 5640 1544 5692 nocturnis
1622 5638 1953 5697 duodecim.

296 5724 803 5792 Cassianus,libro
836 5742 898 5781 in
930 5726 1151 5796 Instit.,
1185 5743 1313 5798 cap.
1343 5726 1378 5780 3
1412 5740 1424 5779 :
1464 5748 1484 5775 ι
1520 5726 1603 5782 Ad
1634 5734 1956 5787 extremum

2066 603 2404 661 Theodorus
2456 606 2791 663 Balsamon.
2854 610 2913 662 in
2974 625 3103 663 can.
3138 610 3200 663 91
3237 611 3443 679 synodi
3477 628 3529 665 v1
3568 630 3579 666 :
3616 611 3719 666 Καὶ

2063 693 2395 769 καταλήγειν
2438 697 2608 771 μέχρι
2652 704 2752 766 τῆς
2805 697 3259 774 συμπληρώσεως
3307 703 3404 752 τοῦ
3446 698 3714 775 λυχνικοῦ

2064 782 2187 852 ἤτοι
2246 791 2343 841 τοῦ
2373 785 2660 863 ἐσπερινοῢ
2688 792 2788 853 τῆς
2822 796 3105 865 κυριακῆς.
3144 813 3171 840 ‹‹
3214 797 3277 845 Et
3325 792 3591 848 desinere
3643 794 3713 848 ad

2064 877 2563 948 complementum
2590 879 2771 933 divini
2800 880 2997 935 officii.
3034 904 3060 931 ››
3095 884 3345 935 ΕΒΟΝΤΟ.

2135 983 2395 1039 VICARIA.
2430 986 2748 1053 Palladius,
2783 1004 2909 1059 cap.
2947 988 3048 1042 123
3078 1004 3091 1041 :
3130 1010 3157 1038 ‹‹
3188 988 3475 1043 Macarius
3522 1004 3589 1043 ex
3636 988 3719 1042 vi-

2069 1075 2247 1128 caria.
2285 1096 2311 1122 »
2345 1074 2608 1146 Intellige
2642 1075 2960 1131 Macarium
2986 1076 3238 1147 gessisse
3261 1077 3536 1133 vicariam
3572 1094 3715 1149 ρυε-

2066 1164 2369 1218 fecturam.
2404 1164 2617 1219 Graecis
2648 1163 2753 1217 ἀπὸ
2789 1163 3056 1239 βικαρίας,
3098 1168 3431 1231 eavicarius,
3485 1167 3583 1238 qui
3631 1169 3719 1221 vi-

2067 1253 2306 1319 cariam,
2368 1253 2771 1323 praefecturam
2830 1255 3031 1327 gessit.
3094 1256 3339 1310 Severus
3390 1254 3710 1325 Sulpicius,

2067 1340 2205 1396 dial.
2237 1342 2292 1408 3,
2324 1358 2373 1396 c.
2409 1342 2430 1395 1
2462 1359 2474 1397 :
2514 1362 2539 1393 ι
2570 1343 2733 1412 [Egre
2766 1348 2963 1399 tamen
3007 1344 3233 1399 obtinui
3269 1347 3332 1398 ut
3362 1343 3715 1399 Eucherium

2066 1446 2133 1484 ex
2193 1430 2422 1486 vicariis
2471 1436 2529 1486 et
2576 1431 2807 1487 Celsum
2856 1433 3194 1488 admitteret
3240 1432 3631 1488 consularem.
3682 1455 3704 1483 ι

2066 1520 2223 1575 Idem
2273 1536 2400 1591 cap.
2449 1520 2517 1576 18
2564 1538 2637 1575 ;‹‹
2676 1521 2990 1593 Lycontius
3038 1539 3106 1578 ex
3155 1522 3391 1577 vicariis
3433 1522 3520 1576 vir
3569 1522 3707 1576 ﬁde-

2063 1608 2155 1664 lis.
2189 1634 2210 1661 ι
2250 1607 2478 1683 Βικαρία
2508 1612 2731 1665 occurit
2761 1612 2913 1682 apud
2945 1611 3371 1680 Justinianum,
3410 1608 3626 1666 Novell.
3652 1612 3708 1664 8.

2066 1700 2160 1754 εις
2196 1700 2351 1771 apud
2402 1699 2909 1771 Chrysostomum,
2961 1700 3127 1771 epist.
3166 1701 3230 1755 14
3264 1716 3277 1755 :
3311 1700 3377 1755 Oi
3409 1698 3517 1751 ἀπὸ
3553 1699 3713 1771 βικα-

2067 1785 2219 1859 ρίων,
2254 1786 2304 1839 οἱ
2336 1786 2442 1841 ἀπὸ
2473 1787 2783 1862 ἡγεμόνων,
2831 1788 3104 1865 σοφισταὶ,
3132 1788 3183 1841 οἱ
3216 1788 3319 1841 ἀπὸ
3351 1782 3655 1861 τριϐούνων
3693 1805 3707 1843 :

1986 1907 2035 1972 B
2064 1877 2146 1931 Ex
2175 1876 2425 1944 vicariis,
2456 1896 2523 1934 ex
2556 1879 2926 1950 praesidibus,
2954 1879 3257 1950 sophistae,
3296 1880 3509 1933 1060
3541 1877 3711 1933 extri-

2064 1966 2229 2021 buni.
2268 1991 2288 2015 ι
2325 1970 2458 2032 Quae
2494 1985 2608 2024 non
2638 1968 2747 2023 rite
2778 1967 3083 2040 Anglicani
3127 1967 3455 2023 scholiastae
3512 1984 3711 2039 perce-

2066 2071 2224 2125 pere,
2256 2072 2390 2110 cum
2424 2056 2535 2128 ipsi
2579 2058 2837 2124 vicarios,
2888 2058 3074 2126 duces,
3125 2056 3377 2112 tribunos
3423 2056 3711 2127 interpre-

2064 2150 2282 2215 tentur,
2314 2162 2448 2201 cum
2482 2146 2676 2218 potius
2701 2146 3032 2216 exvicarios,
3070 2146 3425 2218 expraesides,
3458 2146 3709 2201 extribu-

2063 2252 2161 2290 nos
2188 2235 2434 2291 vertisse
2488 2236 2767 2307 oportuit.
2832 2237 2968 2294 Vide
3012 2237 3361 2292 Frontonem
3414 2240 3706 2302 nostrum,

2063 2325 2217 2380 notis
2248 2326 2319 2379 ad
2352 2342 2481 2380 eam
2521 2326 2853 2397 epistolam.
2893 2328 3173 2397 Deceptus
3208 2326 3317 2380 fuit
3337 2326 3710 2381 Abrahamus

2064 2413 2337 2469 Ortelius.
2373 2413 2473 2485 qui
2510 2415 2781 2469 l’icariam
2811 2416 2964 2484 apud
3001 2412 3213 2478 Pallad,
3265 2413 3456 2469 locum
3501 2430 3709 2484 quem-

2065 2504 2197 2559 dam
2230 2520 2359 2559 esse
2388 2503 2766 2559 existimavit.

2136 2612 2329 2667 VI'I'I'A.
2383 2612 2705 2679 Palladius,
2755 2630 2881 2683 cap.
2918 2613 2941 2668 l
2986 2629 2997 2666 :
3039 2632 3060 2659 α
3093 2611 3197 2667 Hic
3228 2615 3471 2667 sanctus
3502 2610 3707 2681 (tsido-

2064 2719 2165 2757 rus
2198 2719 2383 2771 usque
2413 2703 2483 2757 ad
2517 2702 2720 2756 horam
2772 2703 2968 2757 obitus
2999 2701 3145 2756 nihil
3190 2700 3408 2756 lineum
3459 2698 3709 2772 gestavit

2063 2797 2225 2846 extra
2251 2792 2482 2846 vittam.
2509 2812 2535 2843 ιι
2573 2790 2743 2852 Οὗτος
2776 2789 2803 2843 ὁ
2830 2790 2981 2865 ἅγιος
3016 2791 3286 2862 μεχρι-τῆς
3310 2788 3570 2856 τελευτῆς
3605 2785 3703 2841 οὐκ

2061 2875 2257 2945 ὀθόνην
2288 2874 2548 2953 ἒφόρησεν
2582 2875 2735 2939 ἐκτὸς
2777 2875 3070 2953 φακιολίου
3104 2875 3413 2954 φακιόλιον.
3449 2877 3706 2932 Venetus

2062 2966 2280 3022 diserte
2310 2964 2596 3043 φακιόλιον
2626 2967 2879 3038 exhibet,
2913 2984 3024 3038 quo
3058 2968 3230 3023 modo
3273 2967 3450 3021 etiam
3495 2965 3708 3037 legisse

2060 3056 2287 3111 videtur
2318 3058 2375 3111 in
2408 3074 2514 3111 suo
2545 3057 2753 3112 Codice
2788 3058 3081 3125 llervetus,
3115 3058 3257 3112 dum
3289 3058 3485 3111 vittam
3516 3056 3706 3111 vertit.

2060 3145 2174 3201 Nec
2205 3144 2376 3201 aliter
2429 3144 2568 3200 olim
2614 3146 2901 3217 interpres
2958 3145 3277 3201 Heraclidis
3309 3146 3366 3200 in
3399 3148 3558 3200 textu
3601 3161 3708 3201 suo

2062 3233 2277 3305 reperit
2314 3250 2471 3301 cum,
2526 3233 2713 3306 capite
2747 3235 2771 3289 1
2810 3234 3088 3303 Paradisi,
3121 3234 3294 3289 vertit
3326 3250 3339 3288 :
3376 3255 3404 3284 «
3436 3237 3560 3289 Non
3595 3233 3705 3288 lin-

2064 3329 2153 3379 teo
2188 3340 2332 3379 usus
2364 3328 2472 3392 est,
2534 3323 2646 3379 nisi
2700 3340 2767 3379 eo
2818 3340 2935 3395 quo
2964 3322 3183 3378 velaret
3213 3327 3410 3394 caput.
3446 3345 3473 3371 ››
3513 3322 3703 3376 Ξυίᾶω

2060 3411 2346 3489 φακιόλιον
2407 3419 2495 3470 est
2551 3414 2761 3486 capitis
2820 3418 3269 3485 tegumentum:
3301 3408 3610 3478 Φάκελλος,
3643 3411 3705 3464 τὸ

2053 3510 2153 3572 τῆς
2178 3500 2425 3577 κεφαλῆς
2459 3501 2707 3580 φόρημα,
2738 3500 2766 3556 ὃ
2796 3503 2887 3556 καὶ
2920 3499 3207 3580 φακιὸλιον
3242 3498 3479 3575 λέγεται.
3507 3524 3534 3551 ‹‹
3558 3500 3703 3556 Pha-

2059 3594 2241 3650 cellus
2300 3593 2508 3665 capitis
2567 3598 2865 3665 gestamen
2927 3598 3036 3660 est,
3069 3592 3223 3664 quod
3257 3597 3314 3647 et
3368 3590 3705 3663 phaciolum

2059 3682 2291 3737 dicitur.
2330 3704 2352 3732 ι
2389 3682 2622 3736 Pratum
2656 3680 2983 3753 spirituale,
3018 3698 3144 3753 cap.
3180 3682 3284 3735 196
3317 3698 3329 3736 :
3364 3679 3430 3735 Οἱ
3486 3676 3544 3732 δὲ
3588 3681 3707 3738 τοῖς

2058 3767 2371 3848 φακιολίοις
2405 3768 2704 3843 ἐρῥίπιζον·
2742 3793 2767 3820 ››
2805 3771 2894 3826 Illi
2926 3788 3057 3825 vero
3091 3770 3313 3825 faciolis
3364 3786 3466 3840 pro
3505 3768 3704 3823 flabel-

2057 3860 2129 3916 lis
2162 3864 2411 3915 utentes.
2448 3881 2475 3909 ››
2509 3859 2771 3927 Photius,
2804 3860 2941 3916 Cod.
3003 3860 3056 3924 3,
3088 3876 3157 3914 ex
3216 3857 3475 3915 Nonnosi
3524 3857 3708 3911 Histo-

2058 3949 2141 4004 ria
2193 3966 2207 4005 :
2268 3948 2350 4004 Τά
2390 3944 2673 4016 σανδάλια,
2728 3948 2882 4025 φησὶ,
2941 3944 3057 4000 νυνὶ
3117 3943 3406 4019 λεγόμενα,
3465 3937 3708 4017 ἀρϐύλας

2056 4033 2239 4112 ἔλεγον
2270 4036 2321 4090 οἱ
2356 4036 2603 4107 παλαιοὶ,
2636 4036 2725 4090 καὶ
2757 4036 2819 4091 τὸ
2850 4035 3162 4111 φακιόλιον,
3196 4032 3481 4109 φασώλην.
3517 4054 3545 4084 ‹‹
3566 4032 3708 4087 Vult

2058 4144 2184 4198 quze
2219 4143 2375 4182 nunc
2406 4127 2689 4182 dicuntur
2718 4127 2984 4182 sandalia
3015 4126 3153 4181 olim
3188 4126 3376 4180 dictas
3419 4122 3651 4195 arbylas
3683 4136 3697 4175 :

2055 4220 2113 4270 et
2161 4216 2315 4287 quod
2364 4232 2519 4271 nunc
2564 4215 2779 4271 dicitur
2827 4212 3138 4291 φακιόλιον,
3182 4214 3320 4270 olim
3352 4212 3572 4267 dictum
3605 4229 3704 4283 φα-

2056 4302 2263 4372 σώλην.
2301 4326 2327 4353 ››
2358 4304 2481 4359 Non
2517 4322 2646 4361 vero
2682 4309 2745 4359 ut
2776 4305 2833 4360 in
2866 4305 3055 4359 indice
3085 4304 3364 4359 Photiano
3396 4307 3505 4368 est,
3540 4324 3568 4351 ‹‹
3602 4318 3707 4371 po-

2060 4399 2280 4449 strema
2330 4395 2449 4447 haec
2498 4395 2613 4449 duo
2654 4393 2933 4450 vocabula
2988 4398 3214 4449 veteres
3264 4409 3367 4464 pro
3426 4389 3709 4445 sandaliis

2062 4499 2470 4553 usurpasse.»
2522 4483 2740 4555 Regius
2788 4488 2843 4538 et
2893 4483 3193 4539 Palatinus
3250 4481 3439 4537 Codex
3469 4477 3708 4534 Palladii

2062 4572 2301 4639 habent,
2336 4570 2488 4631 ἐκτὸς
2522 4569 2837 4641 φακιαλίου.
2866 4573 3055 4636 Quare
3087 4573 3299 4627 Fronto
3331 4574 3387 4625 et
3416 4570 3711 4625 Meursius

2063 4661 2295 4717 malunt
2338 4666 2580 4731 vertere,
2627 4671 2843 4733 excepto
2874 4661 3100 4732 faciali,
3134 4666 3198 4715 ut
3226 4666 3423 4715 (ἂι-ωδε,
3455 4659 3574 4713 haec
3605 4674 3712 4712 vox

2068 4750 2376 4823 posteriori
2431 4768 2548 4806 avo
2582 4768 2610 4807 e
2641 4752 2842 4806 Latina
2893 4753 3142 4806 formata
3198 4751 3295 4817 sit,
3352 4746 3597 4818 faciatis,
3640 4746 3712 4799 de

2065 4857 2180 4910 qua
2210 4840 2269 4895 in
2304 4838 2523 4896 Glossis
2554 4840 2964 4911 Latinograaois
2998 4856 3010 4895 :
3052 4859 3074 4887 ι
3111 4839 3195 4894 Da
3228 4836 3510 4892 facialem.
3545 4856 3574 4884 »
3620 4828 3712 4893 δὸς

2064 4924 2462 5004 προσωπίδιον.
2500 4930 2585 4983 Ita
2618 4929 2672 4983 in
2718 4928 3006 4997 colloquio
3056 4925 3429 4991 scholastico,
3463 4919 3709 4994 Ξύστραν

2063 5015 2389 5092 προσόψιον,
2437 5012 2831 5090 ποδεκμάγιον,
2880 5015 3120 5085 λήκυθον
3158 5031 3170 5069 :
3206 5037 3232 5063 ‹‹
3267 5010 3589 5084 Strigilem,
3622 5010 3710 5064 fa-

2066 5107 2293 5163 cialem.
2355 5106 2647 5175 pedulem,
2708 5104 3055 5178 ampullam.
3092 5126 3121 5154 »
3154 5108 3219 5158 In
3269 5100 3472 5172 regula
3523 5097 3714 5154 sancti

2065 5194 2294 5251 Caesarii
2330 5210 2343 5250 :
2382 5215 2410 5244 «
2440 5194 2724 5267 Acupicta
2780 5208 3082 5263 nunquam
3143 5189 3257 5245 nisi
3312 5188 3368 5242 in
3417 5184 3715 5257 mappulis

2066 5291 2123 5341 et
2153 5284 2492 5356 facitergiis,
2524 5285 2583 5338 in
2616 5283 2829 5354 quibus
2862 5277 3461 5349 abbatissajusserit,
3491 5275 3656 5331 fiant.
3684 5297 3713 5326 ››

2068 5376 2129 5428 In
2158 5372 2452 5428 Glossario
2472 5366 3301 5438 Arabicolatino,facitergium
3327 5370 3383 5421 et
3413 5368 3714 5420 manuter-

2066 5463 2226 5535 gium
2284 5478 2317 5516 a
2373 5462 2647 5532 tergendo
2708 5459 2910 5514 faciem
2964 5456 3053 5513 vel
3090 5473 3322 5524 manus,
3351 5459 3641 5511 vocatam.
3680 5473 3707 5505 η

2064 5552 2344 5608 Facialem
2376 5549 2555 5621 igitur
2601 5548 2855 5621 appellat
2900 5546 3169 5613 linteum,
3222 5562 3338 5617 quo
3389 5544 3563 5601 facies
3613 5558 3714 5597 su-

2065 5641 2205 5696 dore
2234 5655 2483 5694 manans
2513 5640 2867 5709 tergebatur,
2903 5634 3102 5708 qualia
3131 5639 3299 5691 erant
3348 5650 3474 5707 quaa
3521 5630 3711 5687 oraria

2068 5730 2415 5785 dicebantur
2444 5728 2845 5799 etgmappulaa.
