4186 6326
485 398 593 459 515

1210 380 1714 455 onbilas'rlodﬁ
1754 380 2010 450 natum
2043 376 2137 448 ET

2258 375 2575 451 :RBORUM
2615 378 3154 450 biFFtCILIORUM

3782 393 3880 447 516

562 528 884 584 νοιῠινιικλ.
908 525 966 579 id
987 527 1076 579 est
1095 520 1335 579 camerae
1359 519 1446 576 vel
1474 519 1745 576 fornices.
1775 516 2137 585 Heraclides,
2170 537 2222 601 Α
2253 519 2362 574 Ms.
2398 541 2426 569 ‹‹
2458 514 2713 575 Zaberna
2744 514 2959 575 dicitur
2988 516 3092 574 ub‘i
3123 518 3311 572 vestes
3344 520 3733 587 reponuntur,
3763 520 3885 572 area

486 630 611 688 cap.
641 616 677 669 2
708 610 779 670 tle
820 614 1108 668 Ammone
1143 629 1155 665 :
1199 620 1224 663 it
1258 609 1530 681 Fecitque
1582 608 1697 663 sibi
1748 609 2005 663 duarum
2029 612 2130 662 vo-

488 704 719 761 lumina
751 700 1053 759 eellarum.
1087 698 1407 768 Palladias,
1442 704 1569 769 cap.
1605 700 1639 751 8
1671 715 1683 753 :
1722 710 1749 747 (ι
1784 698 1852 752 Et
1891 697 2003 751 sibi
2054 697 2136 751 fe-

490 792 569 849 cit
597 794 744 848 duos
796 784 1073 845 cellardnl
1121 788 1337 855 tholos,
1370 810 1398 837 ιι
1448 782 1752 857 Οἶκοδόμεῖ
1808 784 1983 856 ἑαυτῷ
2044 781 2139 837 δύο

488 878 685 945 θόλους
713 876 974 934 κελλίων.
1009 879 1154 933 Hinc
1202 878 1569 942 tr‘ansolvere;
1611 876 1667 930 id
1719 880 1807 930 est
1862 875 2141 930 fornicem

484 972 693 1026 facere.
729 969 1046 1039 Gregorius
1077 966 1455 1033 Turonensis,
1490 966 1592 1021 lib.
1632 980 1753 1020 vni.
1791 986 1815 1017 α
1850 964 1986 1018 Erat
2033 966 2140 1018 au-

483 1064 601 1115 tem
634 1058 715 1114 ibi
742 1063 943 1130 crypta
974 1058 1047 1112 ab
1077 1057 1342 1127 antiquis
1374 1054 1738 1111 trans‘voluto
1770 1052 2143 1124 elegantique

486 1163 660 1219 opere
686 1147 971 1219 exposita.
1009 1146 1169 1201 [dem
1201 1144 1349 1200 libro
1400 1144 1471 1199 de
1521 1143 1661 1199 Vilis
1708 1146 1947 1197 Patrum
2003 1158 2053 1195 c.
2084 1143 2143 1207 7,

489 1237 549 1291 in
583 1236 862 1307 Gregorio
895 1233 1286 1306 Lingon’ensi:
1324 1253 1353 1284 α
1383 1236 1527 1287 Ante
1553 1234 1734 1288 altare
1766 1232 2148 1286 fundamenta

482 1326 653 1395 jacit,
686 1328 997 1395 erectaque
1049 1323 1258 1378 absida
1308 1322 1457 1376 miro
1505 1324 1677 1393 opere
1734 1321 2048 1385 construit,
2091 1323 2147 1373 et

490 1412 857 1469 transvolvit.
894 1433 914 1462 ι
954 1412 1202 1466 Videtur
1226 1415 1481 1465 tractum
1532 1427 1566 1463 a
1617 1408 2007 1480 serpentibus,
2042 1407 2143 1477 qui

494 1502 728 1573 proprie
760 1502 1155 1572 promovendo
1187 1516 1248 1554 se
1270 1498 1573 1553 volumina
1602 1498 1842 1551 faciunt.
1877 1495 2145 1551 Claudia-

491 1607 625 1658 nus,
659 1590 938 1662 panegyri
967 1591 1026 1645 in
1059 1594 1336 1661 quartum
1368 1587 1738 1643 consulatum
1774 1584 2007 1641 Honorii
2041 1601 2055 1639 :

586 1700 856 1781 Caeruleus
884 1714 977 1781 tali
1012 1712 1311 1781 prostratus
1340 1704 1625 1781 App’pllirie
1654 1702 1868 1781 Pythdn

582 1777 855 1841 Implicuit
884 1768 1065 1827 fractis
1095 1772 1360 1825 moritura
1387 1768 1669 1824 volumina
1696 1768 1866 1822 slivis.

493 1884 771 1960 Sidonius
805 1882 1200 1973 Apollinaris:

587 2011 796 2073 Figeret
824 2008 1123 2057 innumeris
1154 1992 1441 2057 numerosa
1473 1992 1745 2057 volumina
1780 1993 1914 2054 telis.

501 2126 647 2197 Vide,
681 2138 886 2197 supra,
918 2125 1163 2180 THOLus.

564 2216 823 2271 XENIUM.
864 2215 1001 2270 Vide
1031 2217 1319 2268 EantUM.

565 2309 823 2360 ZABERNA
854 2303 1085 2358 videtur
1133 2302 1260 2372 capi
1308 2317 1413 2371 pro
1462 2299 1737 2365 armario,
1783 2296 2148 2368 repasitorio,

495 2410 688 2449 sacco.
723 2391 968 2448 Palladii
1003 2391 1304 2455 Langiaca,
1336 2407 1405 2443 ex
1442 2388 1622 2443 veteri
1649 2388 1986 2459 interprete,
2019 2402 2146 2456 cap.

498 2484 562 2537 14
595 2499 607 2537 :
644 2505 671 2533 «
707 2485 861 2549 Quos
896 2481 1195 2551 (latrones)
1252 2479 1453 2550 ligavit
1504 2476 1703 2543 simul,
1760 2476 1914 2530 sicut
1945 2477 2146 2529 zaber-

496 2590 629 2627 nam
662 2573 729 2626 de
761 2571 969 2626 Paleis.
1006 2593 1032 2619 »
1066 2573 1417 2641 Interpretes
1450 2566 1791 2635 Heraclidis,
1826 2582 1953 2637 cap.
1986 2565 2020 2616 7
2055 2564 2149 2617 ba-

494 2661 595 2716 bet
643 2677 861 2715 saccum
916 2640 1239 2730 palearum;
1264 2657 1347 2711 Ita
1375 2664 1429 2710 et
1458 2660 1760 2731 Hervetus,
1798 2670 1997 2733 recens
2030 2640 2152 2706 Pal-

494 2748 634 2805 ladii
668 2742 976 2820 interpres.
1014 2750 1297 2819 Excerpta
1332 2761 1462 2798 mea
1493 2744 1602 2798 Ms.
1636 2744 1859 2797 Veneta
1906 2736 1995 2796 liic
2047 2742 2151 2820 lia—

496 2839 638 2893 bent
671 2818 949 2911 ζάϐερῖφονς
980 2836 1078 2891 alii
1110 2826 1331 2905 dimov.
1359 2833 1465 2887 Sed
1499 2832 1759 2907 zaberna'
1792 2830 1966 2885 etiam
2020 2818 2151 2885 aliis

500 2927 843 2983 auctoribus
876 2924 1180 2997 usurpata.
1217 2923 1455 2988 Abdias,
1482 2921 1583 2995 lib.
1635 2938 1691 2975 ιν
1722 2912 1865 2976 Hist.
1921 2926 2150 2994 Apost,

496 3017 557 3071 in
588 3015 808 3071 Jacobo
860 3015 1108 3081 Joannis
1142 3014 1316 3067 fratre
1352 3030 1363 3068 :
1400 3035 1427 3061 ‹‹
1458 3010 1727 3066 Collectis
1780 3009 1915 3064 libri
1974 3011 2150 3083 magi-

498 3105 604 3173 cis,
638 3105 920 3171 zabernas
951 3105 1155 3176 plenas
1188 3104 1260 3157 ad
1294 3100 1625 3175 apostolum
1670 3100 1867 3167 attulit
1911 3100 2149 3179 cervici-

499 3195 617 3251 bus
649 3198 708 3249 et
739 3193 864 3249 suis
921 3198 977 3250 et
1035 3191 1470 3265 discipulorum.
1522 3189 1853 3260 impositas.
1891 3210 1917 3238 »
1956 3189 2099 3255 Item
2133 3206 2146 3244 :

2243 607 2331 663 vel
2363 604 2764 665 armaridluin.
2801 632 2829 658 »
2860 606 2995 663 Vita
3039 606 3229 662 sancti
3260 605 3516 663 Udaliici
3551 622 3563 660 :
3605 624 3626 653 ι
3661 604 3886 661 Interim

2244 696 2421 752 etiam
2456 686 2725 769 quassavit
2755 686 3037 753 z‘abéinas
3072 698 3127 751 et
3158 694 3574 751 salseamen‘ta.
3614 716 3641 743 »

2314 778 2496 841 ZE‘i‘A.
2531 784 2694 849 Quod
2729 780 2871 841 Vitas
2914 782 3138 853 Basilii,
3179 794 3305 856 cap.
3337 784 3392 851 5,‘
3447 786 3532 837 est
3583 781 3655 837 ad
3686 782 3891 854 insigne

2246 872 2647 944 habitaculum,
2682 877 2874 932 Greece
2904 879 3013 941 θεῖ,
3038 870 3120 927 ὲνέ
3141 874 3376 944 πισήμῳ
3407 862 3608 946 Stal-tn,
3634 874 3785 943 quod
3814 873 3889 928 al-

2248 970 2336 1020 ter
2392 958 2533 1021 Vitae
2591 962 2791 1021 Basilii
2847 962 3137 1036 interpres
3190 964 3250 1018 in
3308 962 3504 1019 metam
3550 962 3800 1017 deflexit.
3832 964 3892 1018 Et

2248 1054 2417 1112 diaeta
2453 1058 2509 1110 et
2538 1060 2685 1112 zzta
2712 1054 3035 1110 dicebatur.
3069 1052 3407 1117 Suetonius,
3453 1050 3723 1117 Claudio,
3771 1068 3887 1123 cap.

2252 1140 2318 1195 10
2349 1158 2362 1195 :
2399 1163 2427 1189 «
2463 1141 2526 1195 In‘
2560 1139 2813 1209 diaetam,
2875 1140 2968 1195 cui
3032 1150 3244 1194 numen
3296 1141 3386 1192 est
3425 1137 3777 1204 Hermaeum,
3810 1153 3891 1191 re-

2251 1232 2703 1301 cesserat.Sa‘epe
2736 1234 2793 1284 et
2822 1228 2989 1283 diaeta
3021 1232 3077 1283 et
3104 1236 3244 1284 mm
3263 1231 3579 1282 oceurrunt
3612 1227 3767 1297 apud
3797 1242 3888 1282 au-

2251 1318 2612 1376 ctores.Vide
2629 1318 2837 1374 Lexica
2851 1316 3405 1374 Juris.Glossarium
3429 1317 3891 1372 Cumberonense

2253 1412 2359 1467 Ms.
2431 1435 2459 1461 «
2510 1406 2690 1480 Zaztle’,
2754 1408 2965 1466 domus
3026 1412 3155 1482 quae
3203 1409 3414 1465 Subtils
3474 1406 3654 1478 pedes
3714 1406 3889 1461 haben

2254 1506 2459 1573 aquas.
2498 1500 2767 1555 nIbi‘de'rn
2808 1510 2822 1554 ξ
2860 1506 2880 1548 ὰ
2913 1504 3073 1554 laetae
3110 1497 3415 1564 hiemales,
3469 1492 3707 1558 domus,
3758 1504 3894 1565 quas

2254 1586 2519 1646 calefacit
2569 1588 2900 1645 Subducths
2950 1580 3148 1661 ignis:
3198 1592 3352 1643 zmte:
3404 1580 3695 1641 azstivales
3748 1590 3893 1654 sunt,

2254 1684 2401 1749 quas
2432 1674 2734 1751 infrigidat
2755 1672 2909 1750 aqua
2949 1678 3260 1733 subducta.
3299 1698 3327 1725 »
3359 1662 3573 1730 Eadem‘
3612 1672 3728 1728 fere
3758 1675 3894 1745 apud

2255 1766 2516 1839 Papiam.

2327 1855 2505 1908 ΖΕΜΑ.
2564 1854 2697 1908 Vita
2744 1854 2991 1908 Joannis
3052 1851 3533 1924 Eleemosynarii;
3605 1856 3733 1922 cap.
3788 1851 3894 1905 20:

2265 1964 2289 1995 ι
2318 1943 2531 2007 Quanti
2589 1942 2802 1998 vellent
2850 1942 3074 2014 tingere
3119 1959 3331 2014 panem
3366 1956 3537 1995 suum
3579 1940 3638 1994 in
3672 1943 3895 2008 zema’te,

2257 2034 2413 2104 quod
2452 2033 2767 2105 projiciunt
2811 2034 2981 2105 eoqui
3038 2035 3175 2088 mei.
3209 2054 3237 2083 ››
3263 2033 3409 2087 Hinc
3439 2029 3668 2102 ἐοίζεμα
3702 2028 3896 2085 ebulli-

2256 2123 2335 2177 tio
2366 2123 2425 2176 in
2456 2138 2692 2178 summa
2722 2123 2837 2178 olla
2871 2124 3143 2178 fervente.
3198 2127 3446 2177 Sanctus
3495 2121 3894 2191 Hieronymus,

2254 2211 2353 2267 lib’.
2391 2228 2474 2281 ιιι,
2509 2212 2565 2266 in
2588 2215 2795 2267 Oseam
2833 2230 2846 2267 :
2882 2232 2908 2263 ‹‹
2944 2212 3053 2268 Pro
3081 2216 3281 2281 spatha
3309 2209 3720 2282 Septuaginta,
3752 2208 3893 2263 The-

2256 2300 2451 2356 odotio
2483 2300 2775 2377 (fpéydvov,
2811 2302 2866 2355 id
2902 2307 2990 2355 est
3018 2304 3287 2357 cfemz'um
3335 2298 3664 2365 transtulit,
3718 2298 3897 2351 aridas

2257 2390 2479 2445 scilicet
2509 2390 2745 2457 herbas,
2803 2406 2933 2461 quae
2978 2390 3208 2445 camino
3259 2395 3316 2445 et
3373 2389 3647 2444 incendio
3689 2403 3891 2458 praepa-

2258 2485 2479 2533 rantur.
2512 2479 2899 2551 Symmachus
2934 2480 3130 2550 poeuit
3177 2476 3429 2549 ἐπίζεμα,
3468 2477 3669 2532 volens
3714 2482 3895 2531 osten-

2255 2568 2391 2621 dere
2425 2568 2699 2622 ferventis
2759 2567 2885 2622 ollte
2951 2569 3286 2639 superiores
3315 2584 3521 2639 aquas,
3551 2572 3612 2621 et
3658 2566 3714 2619 in
3764 2581 3890 2635 spu-

2256 2660 2409 2710 mam
2445 2656 2756 2728 bullasque
2788 2662 3118 2728 surgentes,
3155 2674 3303 2728 quas
3335 2657 3517 2712 Graeci
3548 2652 3897 2729 πομφολυγας

2259 2751 2486 2799 vocant.
2524 2768 2545 2796 ι

2325 2835 2611 2904 Ζιρρυωε,
2646 2851 2745 2889 seu
2778 2836 3066 2891 Sippum.
3130 2834 3417 2906 Pelagius;
3476 2833 3679 2889 libello
3728 2848 3799 2900 1v,
3840 2850 3895 2887 n.

2212 2916 2213 2919 “
2255 2924 2327 2977 59
2360 2939 2372 2978 z
2408 2945 2435 2973 ‹‹
2475 2925 2628 2979 Fecit
2670 2926 2741 2979 de
2782 2924 3037 2980 farinula
3087 2924 3426 2979 lenticulam
3461 2928 3517 2979 et
3548 2922 3828 2995 zippulas.
3860 2945 3879 2972 ι

2259 3013 2532 3069 Bullinus
2556 3014 2658 3068 lib.
2694 3030 2757 3069 ιιι
2789 3032 2845 3069 n.
2877 3015 2968 3085 51,
3002 3015 3060 3069 in
3094 3015 3299 3070 eadem
3352 3031 3411 3068 re
3462 3014 3638 3068 habet
3674 3014 3890 3084 placen-

2256 3107 2358 3157 tas.
2421 3103 2646 3158 Rursus
2702 3104 2856 3175 apud
2916 3103 3235 3176 Pelagium,
3268 3102 3465 3158 libello
3515 3108 3645 3173 vni,
3680 3119 3735 3157 n.
3780 3102 3886 3156 l5:

2257 3191 2341 3245 Da
2392 3192 2476 3247 eis
2536 3192 2794 3248 modicas
2841 3192 3127 3264 zippulas,
3163 3192 3304 3263 quia
3332 3193 3402 3247 de
3434 3191 3637 3247 labore
3686 3194 3836 3246 sunt.
3865 3209 3887 3240 ι

502 3306 523 3333 α
558 3284 835 3355 Appende
865 3283 1136 3351 zabernis
1167 3260 1478 3361 lapideset
1510 3278 1838 3361 plumbum,
1881 3282 1938 3332 et
1986 3279 2150 3334 mitte
2181 3260 2223 3327 Ο
2261 3284 2343 3338 Ita
2374 3299 2440 3338 eo
2474 3282 2596 3339 loco
2630 3283 2849 3339 habent
2878 3260 3018 3340 Mss.
3071 3260 3129 3340 et
3171 3260 3393 3339 veteres
3439 3282 3757 3338 Editiones.
3787 3280 3895 3335 Ali-

492 3373 554 3428 in
588 3388 768 3427 mare.
805 3392 829 3423 υ
866 3374 950 3427 Ita
979 3372 1060 3426 ibi
1093 3371 1201 3426 Ms.
1260 3358 1555 3436 exhibent,
1614 3358 1800 3447 Vulgo
1832 3367 2069 3437 zabyras
2099 3375 2156 3423 et
2268 3372 2366 3442 qui
2398 3374 2835 3444 supposuerant
2877 3374 3057 3445 pultes
3106 3390 3209 3446 pro
3258 3374 3533 3445 zippulas.
3574 3374 3724 3428 Cum
3757 3386 3895 3425 nunc

498 3461 727 3533 zabyris
783 3461 1029 3532 legitur,
1078 3461 1243 3531 unde
1284 3459 1540 3513 Joannes
1597 3455 1889 3511 Meursius
1949 3456 2154 3521 Lexico

498 3542 952 3606 Graecobarbaro
1007 3549 1257 3604 faciebat
1304 3532 1581 3625 zabaﬁds,
1630 3540 1784 3616 quod
1836 3534 2151 3618 sabariam,

497 3632 811 3712 caGupeiov,
872 3638 949 3692 sit
1007 3624 1425 3709 repositorium
1483 3622 1761 3689 zabarum
1798 3622 1899 3689 seu
1952 3635 2153 3692 lorica-

496 3744 651 3783 rum.
1362 3786 1365 3789 _
1620 3800 1627 3801 γ
1686 3792 1691 3801 .

567 3818 897 3890 Sedproha
926 3816 1095 3872 lectio
1127 3816 1281 3888 apud
1313 3814 1559 3869 Abdiam
1611 3800 1700 3868 est
1746 3812 2005 3869 z‘aberna.
2042 3816 2151 3872 Pa:

495 3908 625 3981 pias
658 3906 1101 3971 Vocabularista
1133 3922 1145 3959 :
1176 3925 1211 3973 ,α
1240 3905 1518 3972 Zaberna,
1550 3919 1685 3981 arca
1729 3901 1821 3955 vel
1873 3907 2151 3961 armario-

497 3980 641 4054 tum.
677 4018 702 4048 ι
739 3998 892 4053 Item
947 4012 961 4050 :
1013 4018 1040 4045 ‹‹
1090 3994 1375 4065 Zaberna,
1406 3982 1503 4046 ubi
1533 3980 1723 4046 vestes
1754 4000 2146 4067 reponuntur,

498 4091 590 4147 vel
631 4088 925 4160 quidlibet
968 4084 1153 4142 aliud.
1191 4107 1212 4136 ι
1268 4072 1634 4139 Glossarium
1684 4076 2149 4143 Camberonense

2264 3460 2511 3533 zippula,
2545 3466 2701 3517 nunc
2731 3464 2956 3534 sippula
3004 3463 3319 3532 scribatur,
3368 3461 3692 3518 videndum
3724 3477 3795 3516 an
3824 3458 3893 3513 sit

2264 3566 2298 3606 a
2326 3552 2500 3606 verbo
2528 3566 2745 3624 supare,
2790 3553 2877 3607 vel
2907 3553 3108 3621 slp‘ere,
3141 3552 3226 3607 vel
3258 3553 3459 3623 sipara.
3492 3551 3643 3606 Vide
3674 3551 3903 3605 Festum

2263 3644 2320 3695 et
2348 3641 2620 3708 Paulum,
2655 3642 2809 3712 apud
2843 3648 2990 3712 quos
3046 3640 3229 3697 habes
3279 3640 3595 3711 farinulam
3630 3644 3685 3694 et
3722 3638 3899 3711 pultes.

2264 3729 2426 3792 Quod
2486 3729 2668 3801 igitur
2722 3731 2959 3802 Vulgata
3017 3729 3111 3785 hic
3168 3729 3342 3785 lecti'd
3403 3728 3662 3785 habebat
3719 3728 3899 3799 pultes;

2262 3823 2387 3873 erat
2419 3819 2537 3873 haec
2566 3820 2942 3891 rippularum,
2976 3836 3106 3891 quae
3135 3832 3268 3873 vera
3298 3822 3354 3874 ct
3383 3818 3633 3890 antiqua
3664 3817 3771 3871 fuit
3796 3815 3900 3869 lec-

2258 3907 2361 3974 tio,
2414 3907 3027 3979 interpretamentum.
3073 3907 3394 3975 Palladius,
3429 3908 3557 3980 cep.
3587 3906 3661 3961 74
3694 3925 3707 3961 :
3742 3928 3767 3954 «
3803 3905 3893 3975 Py-

2260 3997 2437 4053 tirlon
2512 4000 2919 4055 commedebat
2977 4012 3214 4071 parvam
3272 3998 3493 4071 pultem
3565 4004 3637 4053 ex
3693 3996 3893 4051 farina.

2259 4108 2286 4138 ‹‹
2322 4084 2726 4159 Ητωοθ,ζωμὸν
2760 4084 3015 4162 ἀλεύρου.
3049 4093 3198 4144 Puto
3226 4088 3477 4160 sippul'as
3508 4086 3619 4142 has
3660 4086 3805 4143 esise.
