4186 6326
285 384 397 438 5'25

1445 384 1747 439 CARMEN
1783 383 2082 438 DAMASO
2115 384 2550 440 ASCRIPTUM.

3600 388 3709 443 526

291 507 737 563 successoribus
758 506 885 576 ejus
914 508 1180 561 nostrum
1214 504 1519 576 palatium,
1545 505 1815 561 diadema
1845 522 1939 560 ca-

2056 505 2089 572 ἡ
2103 504 2323 579 μὲτερον
2350 503 2710 575 παλάτιον,τὸ
2726 503 2811 559 ἐπὶ
2828 512 2894 575 τῆ
2906 527 2929 567 ς
2945 505 3190 583 κεφαλῆς
3213 505 3458 581 διάδημα
3471 508 3713 572 ἐκλίθων

291 596 436 668 pitis
470 595 688 667 lapillis
722 593 995 667 pretiosis
1021 600 1078 649 et
1109 593 1361 667 gemmis
1394 594 1704 663 intextum,
1730 595 1944 665 epomi-

292 687 422 742 dem
474 702 602 758 quas
655 685 875 742 collum
923 684 1125 756 cingit,
1160 684 1524 757 chlamydem
1567 700 1944 754 purpuream,

290 775 625 831 coccineam
679 774 965 840 tunicam,
1017 779 1074 828 et
1122 773 1318 829 omnia
1369 774 1526 846 regia
1573 773 1943 837 vestimenta,

290 864 575 937 ephippia
600 862 818 936 quibus
849 863 980 935 equi
1032 862 1174 934 regii
1229 862 1658 931 insternuntur,
1693 866 1943 933 sceptra,

291 958 350 1010 et
397 952 627 1025 reliqua
676 952 908 1024 imperii
959 956 1302 1008 ornamenta
1332 955 1387 1006 et
1417 949 1660 1024 gloriam
1708 967 1943 1005 omnem

293 1060 437 1099 mea:
458 1042 785 1115 potestatis.
803 1043 912 1097 Eos
935 1046 1129 1097 autem
1160 1040 1258 1113 qui
1283 1040 1343 1096 in
1374 1039 1593 1096 clerum
1620 1041 1945 1096 Romanum

294 1132 488 1188 allecti
512 1136 672 1199 sunt,
697 1131 1184 1201 ornarijubemus
1215 1129 1425 1185 iisdem
1459 1130 1675 1201 quibus
1708 1137 1946 1184 senatus

292 1226 497 1276 noster
519 1219 902 1288 vestimentis,
920 1218 1015 1290 [(a)
1033 1219 1158 1289 lego
1172 1214 1394 1290 παραπλ
1407 1215 1612 1290 μσίοις]
1631 1235 1777 1289 equo
1790 1218 1942 1282 vehi,

290 1310 445 1365 albis
473 1308 739 1366 vestibus
770 1309 907 1380 tegi.
938 1307 1028 1363 Ita
1078 1312 1134 1362 et
1183 1306 1408 1363 calceos
1456 1324 1658 1363 eorum
1710 1306 1831 1361 fieri
1880 1323 1948 1362 ex

295 1399 511 1470 pannis
529 1396 700 1463 albis,
716 1401 772 1453 et
787 1413 918 1453 eum
952 1396 1050 1467 qui
1069 1396 1255 1452 lectus
1287 1395 1363 1452 sit
1394 1395 1640 1451 clericus
1664 1411 1696 1449 a
1718 1394 1947 1449 nemine

294 1488 575 1560 impediri
605 1504 800 1559 posse,
825 1477 1145 1558 queminus
1176 1484 1252 1541 sit
1281 1489 1533 1541 senator.
1554 1483 1796 1549 Quando
1816 1501 1946 1539 vero

301 1593 578 1633 coronam
610 1592 845 1631 auream
865 1576 1038 1630 Pater
1056 1592 1223 1630 meus
1256 1577 1497 1630 sanctus
1527 1572 1816 1643 Sylvester
1836 1590 1949 1643 qua

303 1670 398 1722 est
423 1662 756 1721 humilitate
782 1669 838 1720 et
868 1663 1269 1721 moderatione
1328 1661 1571 1735 respuit,
1606 1662 1722 1716 hmo
1774 1678 1948 1716 orna—

303 1758 498 1810 menta
527 1772 653 1828 quae
684 1758 949 1810 sanctam
991 1752 1477 1808 resurrectionem
1511 1756 1570 1807 et
1598 1750 1945 1822 superillus-

299 1848 449 1899 trem
500 1843 694 1899 locum
744 1841 1080 1915 signiﬁcant
1108 1838 1263 1913 [lego
1291 1838 1379 1893 καὶ
1410 1840 1509 1908 τήν
1539 1836 1713 1913 ἁγίαν]
1747 1842 1946 1894 sancto

294 1934 427 2003 ejus
486 1932 665 2003 capiti
723 1930 1135 2003 imposuimus.
1192 1928 1311 1985 Nos
1369 1930 1637 1985 stratoris
1690 1928 1948 1983 ofﬁcium

294 2021 574 2089 obeunte,
608 2024 665 2077 et
695 2019 858 2076 frena
887 2021 1015 2091 ejus
1046 2018 1181 2091 equi
1212 2022 1477 2074 tenentes
1500 2035 1568 2073 ex
1589 2016 1725 2073 aula
1748 2016 1949 2089 palatii

297 2111 611 2177 exivimus,
643 2109 963 2166 reverentia
1011 2111 1068 2164 et
1116 2112 1275 2162 metu
1328 2107 1552 2163 domini
1600 2106 1713 2161 mei
1765 2106 1948 2162 sancti

296 2196 477 2255 Petri.
518 2199 768 2255 Maxime
826 2202 1020 2254 autem
1055 2196 1198 2252 utile
1249 2198 1305 2251 et
1352 2196 1608 2251 amicum
1662 2198 1774 2250 Deo
1821 2210 1950 2251 esse

296 2289 581 2344 duximus
612 2289 816 2344 cedere
848 2287 989 2343 urbe
1018 2291 1222 2355 Roma,
1243 2290 1299 2342 et
1319 2285 1597 2341 omnibus
1619 2284 1950 2341 Occidentis

294 2378 446 2434 locis
476 2395 545 2434 ac
578 2377 823 2434 urbibus
848 2375 1224 2431 sanctissimo
1247 2378 1503 2446 papae,et
1522 2374 1697 2429 robur
1719 2372 1948 2444 imperii

294 2469 623 2523 transferre
671 2466 743 2522 ad
792 2466 1015 2534 Ortum,
1045 2469 1103 2519 et
1128 2481 1333 2534 capere
1366 2463 1708 2536 Byzantium
1742 2461 1946 2517 urbem

294 2557 524 2628 optimo
558 2558 667 2612 sub
698 2555 821 2611 sole
851 2556 991 2622 situ,
1023 2559 1079 2610 et
1108 2571 1174 2609 eo
1208 2553 1404 2608 sedem
1432 2550 1664 2624 imperii
1697 2567 1946 2623 ponere;

288 2646 571 2719 iniquum
603 2646 1007 2701 existimantes
1026 2644 1424 2715 utimperator
1453 2641 1510 2696 in
1544 2658 1610 2697 eo
1632 2640 1757 2695 loco
1780 2656 1949 2696 sum-

289 2751 453 2790 mam
485 2736 834 2808 potestatem
866 2730 1101 2799 habeat,
1133 2731 1231 2787 ubi
1266 2730 1606 2786 Christiane
1652 2729 1784 2784 ﬁdei
1837 2746 1951 2784 coa-

286 2824 438 2881 litus
462 2824 815 2896 principium
841 2821 1011 2879 nobis
1035 2819 1320 2877 fuit.Cum
1348 2818 1470 2874 hac
1503 2836 1679 2874 manu
1717 2818 1950 2890 propria

289 2913 737 2986 scripserimus,
770 2917 826 2967 et
858 2908 1124 2983 reliquiis
1173 2909 1397 2966 domini
1424 2909 1533 2963 mei
1571 2908 1722 2963 Petri
1756 2908 1946 2979 impo-

285 3002 615 3069 suerimus,
640 3000 1062 3072 jusjurandum
1092 2998 1319 3068 damus,
1354 3013 1469 3053 non
1500 2997 1672 3051 modo
1700 3011 1805 3051 nos
1825 3012 1948 3051 ser-

285 3097 538 3149 vaturos
564 3108 692 3163 quae
720 3089 1046 3155 sanximus,
1076 3103 1278 3142 verum
1328 3091 1385 3141 et
1437 3089 1674 3141 nostros
1713 3100 1947 3141 succes-

283 3198 479 3251 sores,
508 3185 574 3236 ut
595 3184 794 3236 sancte
826 3194 890 3235 ac
920 3176 1187 3249 religiose
1218 3179 1467 3243 servent,
1493 3174 1945 3245 obstringimus,

2049 593 2249 666 τιμίων
2272 594 2359 648 καὶ
2397 596 2690 669 μαργάρων
2728 595 3100 669 συγκείμενον,
3123 598 3185 650 τὸ
3207 596 3443 652 κ’)κλοῦν
3466 598 3557 652 τὸν
3581 598 3710 672 τρά-

2053 683 2232 757 χηλον
2265 683 2706 758 ὡμοφόριον,τὴν
2738 690 3020 761 πορφυρᾶν
3052 685 3335 760 χλαμύδα,
3366 688 3458 742 τὸν
3490 688 3712 744 κόκκιον

2050 774 2282 844 χιτῶνα,
2312 770 2401 825 καὶ
2424 772 2597 826 πάντα
2617 774 2684 826 τὰ
2708 773 2967 849 βασιλικὰ
2997 771 3289 848 ἐνδύματα,
3320 776 3387 831 τὰ
3407 781 3515 831 τῶν
3551 778 3710 853 βασι-

2049 860 2223 914 λικῶν
2247 858 2432 914 ’ίππων
2466 860 2767 934 ἀξιώματα,
2802 862 2868 915 τὰ
2900 870 3170 939 σκῆπτρα,
3201 865 3290 919 καὶ
3320 865 3386 920 τὰ
3418 864 3587 921 λοιπὰ
3605 874 3708 937 τῆς

2054 947 2331 1025 βασιλείας
2359 951 2716 1021 κοσμήματα,
2745 951 2832 1005 καὶ
2865 953 2963 1019 τὴν
2999 949 3152 1022 δόξαν
3188 950 3392 1009 ἅπασαν
3414 962 3512 1024 τῆς
3543 957 3705 1027 ἡμῶν

2051 1035 2442 1110 ἐξουσίας·τοὺς
2468 1035 2525 1092 δὲ
2542 1044 2620 1111 τῷ
2641 1041 2837 1114 κλήρῳ
2849 1048 2949 1110 τῆς
2966 1043 3270 1115 ἁγιωτάτης
3291 1044 3704 1115 Ῥώμηςκατει-

2052 1125 2365 1200 λεγμένους,
2393 1129 2714 1199 κοσμεῖσθαι
2746 1129 3038 1202 κελεύομεν
3064 1131 3463 1205 παραπλησίως
3486 1136 3552 1206 τῇ
3583 1155 3708 1209 συγ-

2047 1213 2242 1288 κλήτῳ
2258 1218 2291 1284 ἡ
2305 1220 2417 1288 μῶν
2444 1214 2952 1290 ἐνδύμασιν,’ίπποις
2972 1218 3710 1294 ἐποχουμὲνους,ὀθόναςπε-

2053 1303 2387 1378 ρικειμὲνους
2439 1304 2656 1368 λευκάς.
2701 1312 2788 1368 Ὡς
2830 1303 2886 1361 δὲ
2916 1309 3002 1362 καὶ
3036 1308 3102 1363 τὰ
3134 1306 3467 1382 ὑποδήματα
3496 1310 3704 1365 τούτων

2056 1392 2279 1457 ὀθονίων
2304 1394 2435 1448 εἶναι
2460 1394 2806 1469 πεποιημένα
2826 1395 3151 1466 λευκῶν,καί
3173 1398 3231 1461 ’ὀς
3258 1398 3315 1453 ἂν
3333 1400 3545 1475 αἱροῖτο
3568 1397 3715 1470 κλη-

2055 1481 2294 1558 ρικὸς,ἐκ
2311 1490 2412 1551 τῆς
2435 1485 2595 1557 ἡμῶν
2622 1482 2932 1557 συγκλήτου
2948 1488 3193 1560 γενέσθαι
3210 1492 3402 1542 τοῦτον
3422 1488 3717 1565 πρὸςτινὸς

2057 1570 2330 1645 μηδαμῶς
2359 1570 2647 1648 εἴργεσθαι.
2678 1575 2802 1631 ’Ότι
2833 1595 2895 1649 γε
2918 1576 3024 1648 μὴν
3056 1577 3153 1644 τὴν
3180 1576 3237 1631 ἐκ
3266 1577 3496 1652 χρυσίου
3520 1581 3714 1655 στεφά-

2052 1682 2148 1731 νην
2181 1663 2527 1737 φρονήματος
2563 1660 2877 1737 μετριότητι
2910 1666 2939 1718 ὁ
2966 1667 3146 1739 πατήρ
3192 1687 3297 1739 μου
3330 1667 3356 1721 ὁ
3388 1668 3542 1741 ἅγιος
3575 1665 3710 1722 Σιλ-

2053 1744 2279 1825 ϐεστρος
2301 1756 2665 1826 παραιτεῖται,
2687 1755 2853 1807 ταῦτα
2872 1776 2955 1807 τοι
2977 1754 3069 1808 τὸν
3104 1753 3494 1832 ὑπέρλαμπρον
3520 1761 3707 1831 χῶρον

2057 1838 2395 1912 σημαίνοντα
2415 1841 2511 1911 τὴν
2538 1840 2691 1915 ἁγίαν
2727 1842 3032 1911 ἀνάστασιν,
3063 1848 3132 1917 τῇ
3160 1843 3284 1918 ἁγίᾳ
3304 1842 3514 1921 κεφαλῇ
3542 1845 3708 1900 αὐτοῦ

2062 1925 2224 1990 ἰδίαις
2252 1928 2437 2003 χερσὶν
2473 1928 2836 2003 ἐπεθήκαμεν.
2868 1932 3059 2003 Ἡμεῖς
3097 1934 3406 2008 στράτωρος
3454 1933 3706 2011 ὀφφίκιον

2064 2014 2411 2085 ὑπελθόντες,
2435 2017 2523 2071 καὶ
2547 2016 2613 2071 τὰ
2635 2016 2841 2092 χαλινᾶ
2860 2023 2956 2073 τοῦ
2974 2016 3152 2074 ’ίππου
3176 2018 3339 2074 αὐτοῦ
3359 2021 3709 2095 κατέχοντες,

2056 2111 2158 2173 τῆς
2182 2103 2353 2175 αὐλῆς
2373 2109 2477 2159 τῶν
2501 2106 2661 2181 ἱερῶν
2682 2107 2844 2161 αὐτοῦ
2868 2108 3073 2181 ἐξίεμεν
3097 2109 3432 2185 ἀνακτόρων,
3451 2109 3599 2165 αἶ’δοῖ
3620 2111 3713 2167 καὶ

2061 2189 2217 2270 φόϐῳ
2245 2197 2341 2249 τοῦ
2370 2195 2560 2270 κυρίου
2595 2217 2699 2268 μου
2744 2202 2841 2250 τοῦ
2874 2198 3028 2271 ἁγίου
3077 2200 3431 2274 συνεχόμενοι
3484 2198 3710 2274 Πέτρουο

2057 2288 2166 2337 τῶν
2200 2283 2495 2357 χρησίμων
2532 2281 2588 2338 δὲ
2619 2282 2825 2358 κομιδῆ
2876 2287 2964 2341 καὶ
3008 2288 3277 2365 θεοφίλων
3327 2288 3713 2362 νενομίκαμεν,

2062 2370 2310 2440 ἐκστῆναι
2336 2373 2430 2445 μὲν
2444 2372 2772 2442 τῆςπόλεως
2792 2375 3037 2446 Ῥώμης,
3060 2374 3151 2430 καὶ
3171 2381 3277 2430 τῶν
3296 2374 3524 2431 δυτικῶν
3550 2377 3715 2431 ἆπᾶν-

2057 2480 2166 2515 των
2203 2464 2403 2535 χωρῶν
2435 2483 2492 2515 τε
2521 2461 2610 2515 καὲ
2644 2460 2860 2516 πόλεων
2892 2464 2970 2535 τῷ
3001 2462 3286 2540 ἁγιωτάτῳ
3316 2464 3530 2536 πάππα,
3564 2465 3626 2519 τὸ
3654 2462 3713 2520 δὲ

2057 2556 2156 2618 τῆς
2178 2548 2468 2611 Βασιλείας
2490 2550 2688 2627 κράτος
2710 2551 2846 2624 πρὸς
2861 2553 2927 2605 τὰ
2942 2551 3191 2621 τῆςέώας
3210 2553 3345 2626 μέρη
3376 2560 3708 2627 μετενεγκεῖν

2057 2636 2147 2692 καὶ
2177 2639 2276 2706 τὴν
2299 2636 2351 2692 ἐν
2385 2637 2665 2712 καλλίστῳ
2695 2644 2800 2693 τῶν
2828 2638 2913 2717 ὑφ’
2938 2639 3088 2713 ἡλίῳ
3119 2646 3215 2695 τοῦ
3246 2640 3516 2711 Βύζαντος
3542 2640 3706 2696 πόλιν

2056 2722 2407 2797 καταλαϐεῖν,
2425 2727 2514 2781 καὶ
2539 2728 2589 2782 ἐν
2624 2726 2759 2802 αὐτῇ
2795 2726 3193 2805 ἱδρύσασθαιτᾶ
3215 2728 3491 2797 Βασίλεια,
3516 2727 3704 2785 ἄδικον

2059 2816 2331 2885 οἰηθέντες
2357 2814 2593 2885 ἐξουσίαν
2623 2814 2769 2892 ἔχειν
2802 2818 2890 2871 τὸν
2927 2818 3010 2872 ἐπὶ
3043 2825 3145 2892 γῆς
3180 2816 3435 2887 Βασιλέα,
3468 2814 3588 2873 ἔνθα
3617 2818 3707 2873 καὶ

2058 2905 2204 2979 ἀρχὴ
2238 2908 2335 2973 τῆς
2365 2909 2472 2959 τῶν
2526 2910 2856 2981 χριστιανῶν
2892 2907 3179 2983 θρησκείας
3210 2907 3271 2962 ἐκ
3313 2912 3421 2961 τῶν
3464 2907 3705 2982 οὐρανῶν

2062 2994 2292 3068 ὑπῆρξεν
2321 2995 2479 3066 ἡμῖν.
2506 2999 2682 3049 Ταῦτα
2711 3000 2827 3057 ταῖς
2853 2992 3016 3057 ἰδίαις
3047 2995 3204 3070 χερσῖ
3250 2995 3573 3071 γράψαντες,
3619 2997 3708 3050 καὶ

2057 3087 2133 3155 τῷ
2161 3087 2335 3159 νεκρῷ
2381 3087 2478 3137 τοῦ
2526 3085 2714 3160 κυρίου
2760 3106 2865 3157 μου
2897 3085 3207 3157 ἐπιθέμενοι
3241 3086 3469 3160 Πέτρου,
3503 3083 3711 3146 πίστεις

2057 3172 2310 3248 ἒνόρκους
2343 3171 2670 3245 ποιούμεθα,
2704 3173 2769 3227 οὐ
2794 3176 2902 3247 μὴν
2936 3172 3083 3237 ὅλως
3104 3169 3434 3246 παραϐῆναι,
3459 3171 3604 3228 ἀλλὰ
3624 3174 3714 3228 καὶ

278 3248 490 3343 idque,
530 3268 713 3341 jurati
746 3266 897 3340 patri
928 3269 1129 3322 nostro
1181 3280 1364 3337 papae,
1390 3268 1447 3320 et
1497 3263 1941 3320 successoribus

2055 3266 2170 3323 τοῖς
2220 3262 2489 3337 ἡμέτερον
2542 3258 2855 3334 δεξαμένοις
2914 3266 3112 3338 κράτος
3160 3261 3449 3339 φυλάττειν
3499 3260 3716 3337 ἀπαρά-

282 3361 445 3431 ejus,
477 3356 848 3432 pollicemur.

353 3546 435 3618 (a)
467 3545 919 3602 Emendationes
949 3542 1034 3600 hae
1067 3544 1204 3598 sunt
1235 3540 1569 3612 interpretis
1601 3536 1930 3611 Bulengeri.

2057 3361 2291 3426 θραυστα
2320 3354 2756 3427 παρεγγυώμεθα
2785 3352 2921 3425 πρὸς
2950 3352 3041 3406 τὸν
3074 3351 3280 3427 πατέρα
3307 3353 3467 3424 ἡμῶν
3500 3352 3707 3421 πάπαν,

2051 3439 2140 3494 καὶ
2170 3436 2300 3500 τοὺς
2334 3437 2502 3494 αὐτοῦ
2534 3436 2848 3518 διαδόχους.

286 3673 3057 3698 ____________________.__———————_——______

1003 3750 1642 3831 CONSTANTINI
1702 3747 2351 3821 IMPERATOBIS
2405 3749 2981 3822 EPISTOLIUM

1307 3882 1410 3939 AU
1456 3874 1828 3939 UNIVEBSI
1870 3876 2100 3936 OttBlS
2144 3875 2691 3937 CHRISTIANOS.

1800 3991 2087 3998 '-—-————

289 4102 468 4177 (Vide
496 4105 599 4157 hoc
625 4097 951 4167 Epistolium
976 4099 1025 4150 et
1059 4094 1197 4165 quod
1221 4091 1285 4149 de
1309 4109 1369 4148 eo
1398 4092 1604 4148 dictum
1632 4091 1811 4218 esttoprii
1837 4088 2427 4231 gpgisglagl
2483 4078 2815 4161 Hieronymi
2860 4089 2930 4143 ad
2975 4087 3347 4157 Eustochium,
3382 4090 3717 4159 Patrologiae

298 4287 2755 4328 ἔξω

921 4503 1001 4576 C.
1061 4498 1338 4575 MARII
1395 4496 1881 4571 VICTORINI
2115 4494 2691 4569 MACHAB/EIS
2750 4494 3097 4568 POEMA.

486 4716 602 4767 Hoc
625 4727 822 4783 poema
851 4708 1100 4764 dedimus
1132 4710 1275 4764 inter
1304 4722 1467 4777 opera
1497 4705 1551 4761 S.
1587 4702 1819 4770 Hilarii,
1851 4700 2182 4757 Arelatensis
2213 4702 2470 4773 episcopi,
2507 4711 2636 4756 (om.
2752 4702 2789 4755 L
2899 4700 3138 4771 Palrol.,
3172 4701 3269 4756 ubi
3308 4701 3552 4773 videsis.)

317 4827 3725 4859 ω

1324 4944 1535 5039 ﬁt!)
1624 4937 2283 5102 Tum
2366 4937 2729 5036 XIII.

1156 5291 1545 5366 GARMEN
1602 5178 2311 5363 DAMASOIPAP/E
2362 5284 2902 5359 ASGRIPTUM

394 5424 500 5477 Hoc
549 5438 769 5477 carmen
802 5438 908 5477 non
944 5421 1224 5490 reperitur
1252 5418 1313 5471 in
1345 5415 1695 5470 Bibliothecis
1743 5421 2163 5490 anle‘nostrqm
2212 5411 2635 5490 editisqpntmu
2668 5421 2747 5467 est
2792 5410 3038 5481 primum
3086 5409 3203 5490 luci
3212 5427 3272 5490 _(_t_
3294 5410 3743 5490 diligentissimis

316 5493 731 5563 bibliographis
789 5494 966 5547 Miller
1007 5481 1061 5547 et
1110 5490 1469 5563 Aubenusla)
1503 5502 1625 5541 eum
1672 5485 2021 5563 quibusdam,
2057 5481 2520 5563 eoserpalio‘niims
2567 5483 2635 5563 ait
2684 5494 2930 5538 nostrum
2980 5482 3385 5563 tom.__XIH._lil
3416 5490 3685 5563 aruerunt
3716 5501 3745 5540 e

316 5553 697 5635 Μαηιιὲονίριο
725 5564 1223 5635 Sungermanensis
1258 5553 1591 5635 bibliotheca
1623 5553 1723 5613 ubi
1753 5558 1980 5613 latebat.
2002 5558 2059 5611 1η
2091 5555 2307 5635 initiati
2335 5554 2468 5635 folio
2500 5553 2722 5635 legitur,
2747 5570 2927 5609 manu
2957 5554 3168 5635 recenti
3196 5557 3497 5635 scripturn:
3523 5559 3741 5609 Horum

314 5626 1126 5692 versuum'auctor'creditur
1158 5635 1399 5688 sanctus
1435 5631 1727 5686 Damasus
1774 5636 1936 5702 pont.
1971 5628 2282 5695 maximus,
2317 5628 2544 5681 minime
2593 5634 2780 5682 tamen
2827 5626 3168 5695 genuitalem
3216 5626 3459 5699 Opusculi
3504 5643 3749 5681 asserere

312 5710 708 5783 prevalemus.

400 5798 479 5870 (α)
511 5795 704 5854 Revue
732 5796 805 5853 de
836 5791 1283 5868 Bibliographie,
1314 5790 1633 5849 aout1845.
