4156 6328
493 429 598 483 527

1077 568 1290 607 INCIPIT
1326 568 1557 608 CARMEN

564 737 673 787 Nec
705 730 1046 786 meminisse
1076 747 1273 786 moror
1303 730 1593 801 praeconia
1623 728 1778 784 clara
1807 725 2136 799 Chrysanti,

491 816 673 883 Quem
708 818 914 874 merito
947 819 1205 873 mundus
1239 817 1463 874 famosa
1494 819 1667 875 laude
1700 819 2051 888 frequentat.

490 908 657 963 Hunc
686 908 869 979 igitur
899 908 1128 979 genitor
1159 912 1460 963 ﬂorentem
1496 913 1755 979 tempore
1786 906 1864 977 (a)
1892 909 2081 977 proto,

490 997 823 1053 Tradiditin
841 1002 1062 1051 vestem
1079 996 1624 1067 rhetorum(sz’c)sub
1640 1001 1794 1051 sorte
1812 994 2134 1065 magistris,

492 1087 560 1141 Ut
591 1104 734 1157 puer
765 1085 984 1141 indolis
1015 1085 1137 1155 (sic)
1174 1085 1455 1140 librorum
1491 1086 1739 1141 disceret
1771 1090 1923 1139 artes

489 1179 644 1240 Quas
677 1176 977 1229 mundana
1010 1174 1146 1228 colit
1177 1174 1387 1229 stolido
1420 1174 1708 1246 sapientia
1739 1191 1938 1229 sensu.

487 1266 594 1328 Qui
629 1265 758 1332 fuit,
790 1273 851 1318 ut
882 1264 1086 1333 fertur,
1122 1264 1376 1318 donatus
1410 1268 1603 1318 mente
1634 1262 1850 1334 sagaci,

486 1354 712 1409 Ardens
744 1353 975 1424 ingenio
1006 1358 1063 1407 et
1096 1353 1374 1423 prudens,
1408 1370 1473 1407 ac
1504 1363 1729 1424 pectore
1760 1353 1963 1422 pubes.

487 1448 626 1499 Post
655 1443 763 1499 hac
792 1442 1077 1496 industris
1107 1458 1242 1496 cum
1274 1459 1443 1497 sacra
1474 1441 1772 1497 volumina
1802 1440 1981 1495 lector

488 1532 746 1588 Auribus
777 1531 1074 1587 hausisset
1102 1531 1317 1586 coelesli
1348 1535 1669 1601 grammate
1700 1530 1940 1601 scripta,

485 1621 760 1678 Protinus
791 1622 1043 1691 antiqua:
1074 1626 1456 1676 contemnens
1488 1622 1765 1691 dogmata
1792 1626 1994 1691 sectae,

490 1712 658 1766 Falso
689 1714 1055 1765 vetustarum
1091 1708 1334 1764 calcavit
1365 1709 1568 1764 frivola
1598 1710 1814 1780 legum,

487 1800 556 1854 Et
585 1799 738 1857 dicto
774 1798 946 1853 citius
977 1802 1185 1853 nactus
1220 1797 1554 1853 rudimenta
1584 1798 1716 1853 fidei

490 1888 797 1957 Flagitium
832 1886 1067 1942 sceleris
1101 1886 1374 1957 baptismi
1409 1885 1591 1942 deluit
1622 1888 1796 1943 unda.

488 1981 617 2033 Mox
651 1975 881 2047 publice
912 1974 1212 2031 Christum
1246 1975 1493 2047 paganis
1524 1976 1802 2047 praedicat
1832 1974 1985 2032 ultro

488 2064 627 2120 Dira
652 2065 1040 2137 superbarum
1072 2080 1359 2134 spernens
1389 2069 1680 2120 tormenta
1712 2064 2029 2121 minarum.

488 2154 635 2210 Tum
664 2155 893 2227 genitor
922 2154 1207 2219 sobolem,
1240 2158 1459 2209 naturae
1482 2154 1621 2224 jura
1648 2154 1965 2221 resolvens,

492 2246 773 2300 Truserat
804 2245 860 2299 in
894 2245 1166 2300 tenebras
1197 2244 1457 2300 conclusi
1491 2246 1739 2301 carceris
1768 2250 1923 2302 atras

490 2342 839 2408 Magnopere
874 2339 1143 2390 metuens
1174 2335 1298 2390 ﬁsci
1331 2336 1564 2391 decreta
1597 2336 1866 2402 nefandi;

488 2424 735 2495 Insuper
763 2428 819 2480 et
848 2424 1059 2495 capital
1083 2423 1371 2478 tremulus
1406 2425 1680 2480 formidat
1710 2426 2007 2483 acerbum.

487 2513 597 2568 Sed
631 2531 763 2568 cum
798 2530 962 2568 mens
986 2514 1222 2583 juvenis
1255 2514 1429 2568 ferret
1460 2519 1751 2569 tormenta
1783 2515 2048 2583 libenter,

488 2602 619 2657 Mox
643 2604 813 2657 aliam
841 2604 1069 2670 genitor
1086 2602 1448 2657 concinnans
1467 2602 1739 2658 machina
1756 2604 1876 2675 (sic)
1897 2621 2134 2661 scenam

486 2692 735 2747 Lubrica
768 2693 1085 2747 mundanis
1118 2692 1377 2747 admovit
1405 2692 1617 2763 gaudia
1652 2694 1905 2763 pompis,

485 2781 683 2836 Serica
713 2782 1024 2852 purpureis
1057 2781 1320 2851 praebens
1351 2780 1639 2835 velamina
1671 2782 1857 2854 peplis

484 2874 618 2933 Quae
654 2871 863 2924 morita
890 2870 1024 2923 facit
1058 2869 1202 2923 festo
1234 2868 1451 2923 viscere
1485 2870 1742 2939 bombix,

490 2959 687 3014 Induit
712 2961 1011 3030 egregium
1047 2959 1303 3030 pretiosa
1333 2964 1389 3013 et
1418 2963 1577 3014 veste
1608 2961 1845 3017 nitente.

485 3050 649 3106 Tunc
673 3050 849 3121 jussu
884 3048 1065 3120 patris
1096 3049 1300 3104 convia
1330 3050 1489 3121 larga
1524 3051 1729 3121 puellae

482 3138 848 3210 Deliciasque
880 3140 1073 3193 ferunt
1102 3138 1292 3211 epulis
1321 3139 1612 3211 luxusque
1643 3142 1851 3197 culinas

487 3229 754 3283 Vestibus
784 3232 1000 3283 ornatas
1030 3228 1207 3283 variis
1239 3233 1295 3282 et
1324 3229 1512 3284 fronte
1543 3238 1808 3298 venusta,

486 3306 728 3372 Talibus
762 3322 824 3372 ut
856 3317 1087 3388 pompis
1120 3316 1291 3373 miles
1324 3318 1689 3374 mollesceret
1718 3322 1909 3377 audax

481 3405 834 3477 Ferreaquis
857 3406 927 3476 (ὁ)
944 3406 1145 3461 crebro
1164 3407 1279 3461 eaad
1292 3412 1395 3461 unt
1408 3408 1478 3478 (ε)
1497 3410 1811 3479 praecordia
1824 3410 2012 3467 virum
2029 3413 2125 3483 (ά).

478 3496 588 3549 Sed
622 3501 816 3550 tamen
852 3499 1113 3549 armatus
1142 3495 1359 3551 Christi
1394 3498 1686 3552 testudine
1721 3504 1844 3571 tyro

480 3584 694 3639 Oscula
722 3584 1004 3651 virgineis
1038 3584 1302 3655 despexit
1334 3585 1559 3641 lubrica
1586 3586 1788 3653 labris,

479 3677 596 3727 Nec
629 3677 934 3743 penetrare
964 3672 1104 3727 sinit
1135 3680 1471 3746 stuprorum
1505 3676 1731 3746 spicula
1766 3684 2000 3749 pectus;

484 3760 595 3816 Sed
628 3760 828 3832 procul
861 3763 1115 3817 excussit
1139 3763 1431 3832 jaculatas
1465 3766 1668 3821 fraude
1697 3770 1964 3835 sagittas.

480 3849 605 3906 Non
637 3867 807 3906 secus
841 3857 900 3905 ut
931 3851 1140 3906 cecinit
1170 3852 1431 3921 sponsali
1466 3856 1726 3911 carmine
1760 3862 1917 3912 vates

481 3939 687 3995 Dulcia
717 3941 817 3995 sed
849 3940 1063 3995 Christi
1098 3941 1393 3996 leniscunt
1423 3941 1585 3997 labra
1618 3943 1865 4014 labellis,

484 4029 684 4084 Mellea
718 4034 856 4085 tunc
888 4030 1073 4085 roseis
1102 4029 1439 4099 nigrescunt
1463 4030 1627 4086 labra
1657 4033 1903 4089 labellis.

481 4118 654 4173 Venit
680 4120 749 4172 ad
782 4123 1105 4174 extremum
1138 4118 1292 4190 virgo
1323 4125 1614 4175 certamen
1647 4121 1867 4191 adulta,

482 4206 656 4261 Daria
685 4208 923 4263 vestalis
956 4208 1210 4263 formosa
1241 4209 1428 4264 fronte
1461 4211 1800 4278 rubescens,

481 4300 674 4349 Aurea
703 4312 835 4350 cum
867 4296 1093 4367 glaucis
1124 4313 1299 4368 quam
1330 4296 1506 4352 comit
1538 4298 1743 4355 lunula
1771 4302 2044 4372 gemmis.

479 4382 830 4439 Nititurhaac
844 4385 1121 4454 juvenem
1138 4385 1399 4440 muneris
1423 4387 1539 4457 (sic)
1556 4390 1955 4462 constringere
1978 4410 2127 4448 nexu

480 4472 770 4536 Quatinus
802 4474 873 4527 ad
906 4471 1151 4527 thalami
1183 4474 1377 4529 ﬂectat
1407 4477 1702 4533 connubia
1734 4485 2008 4537 mentem.

481 4562 606 4616 Haec
640 4560 877 4617 falerata
909 4562 1021 4617 fuit
1049 4560 1316 4617 facundis
1347 4564 1491 4619 freta
1523 4564 1793 4635 loquelis,

474 4649 741 4722 Denique
774 4651 977 4707 diserti
1010 4656 1370 4723 stupuerunt
1401 4654 1547 4709 forte
1578 4657 1843 4725 magistri

474 4739 735 4811 Virginis
765 4740 1070 4813 ingenium
1102 4741 1396 4797 biblorum
1431 4744 1646 4800 famine
1682 4746 1890 4803 fultum
1921 4766 1933 4804 :

476 4830 697 4901 Nempe
728 4835 898 4886 tenax
929 4830 1130 4902 scripti
1167 4832 1352 4887 luerat
1381 4832 1661 4905 veloxque
1691 4834 1940 4907 legendi.

471 4920 581 4975 Sed
613 4936 783 4977 secus
816 4920 1005 4976 evenit
1034 4921 1277 4976 fortuna;
1310 4938 1484 4978 casus
1514 4940 1727 4994 opacas.

472 5014 621 5065 Dum
656 5010 787 5083 pius
819 5010 1095 5082 obposuit
1126 5011 1259 5067 fatis
1289 5014 1583 5068 contraria
1615 5015 1755 5083 fata,

471 5100 643 5154 Daria
674 5116 800 5171 qua;
831 5100 1057 5155 dudum
1091 5102 1365 5157 servabat
1397 5102 1644 5158 numina
1672 5104 1879 5177 Vestm,

465 5188 727 5244 Credidit
757 5188 1087 5244 Altithrono
1119 5189 1245 5244 σα)ιὶ
1280 5192 1378 5262 qui
1411 5201 1638 5263 sceptra
1668 5196 1958 5266 gubernat

465 5276 756 5333 Facundia
788 5277 948 5350 virgo
979 5277 1173 5333 verbis
1206 5295 1485 5336 conversa
1515 5281 1847 5355 Chrysanti.

461 5364 626 5420 Tunc
657 5365 935 5423 simulata
964 5365 1118 5421 thori
1153 5367 1383 5438 fingunt
1415 5372 1709 5426 consortia
1741 5372 1879 5441 fata,

452 5452 711 5509 Moribus
744 5459 800 5509 et
828 5455 1008 5511 castis
1034 5456 1235 5511 vivunt
1264 5457 1625 5514 concorditer
1655 5460 1850 5528 ambo,

455 5539 527 5597 Ut
558 5558 839 5613 spurcum
872 5544 1111 5614 penitus
1141 5546 1394 5602 vitarent
1426 5554 1653 5617 pectore
1688 5566 1914 5605 naevum

452 5769 497 5823 Α
522 5696 602 5767 (a)
638 5697 784 5751 l’our
817 5694 1043 5770 πρώτω,
1075 5713 1188 5770 quc
1233 5697 1283 5752 le
1334 5703 1498 5769 poétc
1532 5716 1565 5753 a
1596 5698 1849 5757 latinise.
1887 5702 2016 5758 MIL.
2051 5708 2108 5759 et

505 5784 601 5823 UB.

634 5838 787 5896 Pour
814 5840 966 5911 queis
995 5839 1364 5898 c’est-a-dire
1420 5841 1637 5912 quibus.
1671 5841 1839 5901 MILL.
1871 5850 1926 5903 et
1960 5846 2102 5904 Aus.

1333 424 1677 477 ADDENDA
1718 424 1813 476 AD
1851 419 2192 486 QUOSDAM
2230 416 2765 471 PRIECEDENTES
2800 415 3055 470 TOMOS.

3786 414 3894 468 5‘28

2161 543 2210 607 A
2246 541 2311 595 Et
2343 538 2633 595 maculam
2654 539 2871 594 ventris
2904 538 3121 611 pullam
3152 538 3223 593 de
3255 536 3427 592 corde
3460 536 3785 609 fugassent.

2249 634 2382 686 Post
2412 630 2531 685 haec
2562 628 2840 701 baptismi
2871 628 3113 684 sacratis
3147 626 3397 698 tingitur
3424 627 3600 682 undis

2248 720 2535 783 Quatinus
2566 719 2797 775 exuvias
2830 718 3105 789 spoliaret
3138 721 3330 772 mente
3360 701 3619 772 vetustas

2248 811 2315 865 Et
2344 828 2491 865 nova
2514 811 2584 866 de
2614 809 2839 882 liquido
2869 814 3142 865 sumatur
3169 809 3400 880 gurgite
3431 807 3608 864 lodix.

2247 899 2389 954 Sum
2417 899 2578 970 virgo
2611 904 2871 955 veterum
2905 898 3122 970 sprevit
3151 899 3505 954 documenta
3537 898 3821 953 librorum

2246 990 2312 1044 Et
2344 989 2615 1061 sequitur
2643 990 2857 1044 Christi
2891 988 3194 1059 quadratis
3228 989 3503 1058 dogmata
3533 988 3729 1042 biblis.

2246 1079 2387 1143 Quis
2420 1079 2629 1149 poterit
2658 1078 2815 1149 vulgi
2845 1083 3037 1133 tantas
3069 1095 3379 1133 numerare
3410 1083 3673 1132 catervas

2245 1169 2501 1231 Quantas
2531 1168 2814 1238 exemplis
2844 1172 3081 1238 egerent
3111 1167 3343 1222 credere
3372 1167 3602 1222 Christo
3626 1167 3652 1219 ?

2245 1257 2518 1311 Traditur
2547 1257 2762 1311 idcirco
2795 1256 2982 1328 poenis
3010 1257 3373 1327 torquendus
3404 1255 3629 1311 acerbis

2243 1345 2623 1417 Septuaginta
2651 1345 2791 1401 viris
2822 1345 2947 1418 (sic)
2980 1363 3152 1417 quem
3187 1346 3369 1401 denso
3403 1344 3586 1400 milite
3637 1349 3900 1413 servant,

2246 1434 2507 1490 Herculis
2539 1437 2597 1491 in
2632 1436 2764 1491 fano
2800 1436 2857 1490 ni
2890 1437 3085 1491 forsan
3112 1440 3244 1490 tura
3274 1435 3491 1491 litaret.

2246 1525 2411 1579 Tunc
2443 1524 2610 1579 miles
2642 1525 2815 1597 coepit
2845 1524 3010 1581 dirus
3044 1541 3249 1580 vexare
3282 1530 3590 1595 negantem

2244 1612 2536 1668 Athletam
2569 1613 2797 1669 Domini
2832 1614 3041 1669 fretum
3075 1614 3288 1668 virtute
3316 1629 3594 1684 superna,

2249 1701 2385 1757 Udis
2413 1708 2468 1757 et
2493 1704 2691 1758 crudis
2724 1720 3032 1760 nervorum
3067 1703 3312 1759 nexibus
3343 1719 3565 1775 angens

2243 1791 2486 1847 Torrida
2517 1793 2879 1849 flammantis
2908 1793 3163 1848 laturum
3196 1797 3465 1848 caumata
3491 1791 3652 1847 solis.

2171 1871 2215 1934 B
2246 1883 2357 1939 Sed
2390 1889 2607 1956 puncto
2642 1884 2819 1939 citius
2846 1882 3117 1938 laxantur
3150 1882 3271 1938 lora
3304 1881 3538 1937 lacertis

2246 1973 2660 2045 Omnipotente
2691 1973 2807 2029 Deo
2840 1978 3023 2029 restes
3055 1972 3309 2029 solvente
3340 1972 3626 2027 nefandos

2247 2062 2390 2117 Ecce
2421 2063 2596 2118 sudes
2623 2062 2836 2118 iterum
2870 2062 3177 2134 cipporum
3209 2061 3440 2116 vincula
3469 2060 3716 2116 cludunt

2244 2154 2534 2222 Cruraque
2567 2169 2699 2207 cum
2734 2151 2939 2223 rigidis
2973 2152 3282 2207 nectebant
3312 2151 3545 2223 turgida
3576 2149 3776 2222 lignis,

2246 2238 2548 2311 Extemplo
2574 2238 2812 2311 cippum
2849 2239 3021 2294 findit
3053 2240 3343 2310 Regnator
3373 2238 3589 2311 olympi

2245 2329 2519 2395 Quamvis
2552 2328 2707 2383 hunc
2738 2327 2935 2384 stolidi
2967 2334 3163 2383 cecata
3197 2334 3388 2383 mente
3422 2328 3685 2399 ligarant.

2247 2418 2411 2473 Lotia
2440 2423 2578 2473 tunc
2610 2417 2779 2473 lictor
2800 2416 3055 2473 crudelis
3078 2433 3349 2488 spargere
3373 2417 3558 2487 jussit

2243 2508 2447 2562 Sacros
2480 2507 2829 2563 humectans
2860 2513 3023 2562 artus
3056 2507 3256 2561 foetore
3286 2506 3516 2578 patenti
3548 2523 3561 2560 :

2243 2597 2347 2663 Qui
2380 2598 2594 2669 liquor,
2632 2603 2695 2652 ut
2726 2598 2951 2665 dicunt,
2985 2601 3178 2651 atrum
3213 2597 3504 2651 fantasma
3538 2596 3771 2665 fugabat

2245 2695 2388 2745 Dum
2422 2707 2658 2746 vernam
2695 2690 2925 2745 Domini
2959 2695 3155 2761 sperat
3186 2689 3575 2744 nicromantia
3635 2690 3851 2743 fretum
3884 2708 3899 2755 ;

2244 2779 2353 2836 Sed
2387 2786 2558 2851 putor
2589 2780 2945 2835 ambrosiam
2980 2780 3262 2851 flagrabat
3293 2785 3523 2834 nectare
3553 2778 3735 2833 suavi.

2246 2869 2384 2925 Exin
2418 2874 2664 2924 tortores
2698 2868 2908 2923 bucula
2940 2868 3010 2922 de
3042 2867 3212 2939 globo
3247 2868 3483 2939 rebyrsa
3515 2868 3633 2938 (sic)

2244 2960 2523 3015 Mandant
2560 2964 2622 3014 ut
2653 2961 2835 3014 crudo
2866 2958 3237 3027 stringantur
3269 2961 3493 3028 tergore
3526 2955 3793 3011 membra

2244 3051 2559 3122 Marthyris
2591 3052 2890 3105 ardentem
2925 3047 3153 3119 passuri
3188 3046 3410 3102 lumine
3443 3047 3642 3102 solem.

2241 3140 2482 3196 Torrida
2508 3140 2605 3195 sed
2632 3139 2803 3194 Titan
2836 3136 3184 3209 compressit
3210 3136 3460 3192 fulmina
3493 3137 3720 3191 fervens

2161 3236 2204 3304 ρ
2246 3230 2316 3286 Ut
2350 3228 2513 3285 nulla
2546 3230 2796 3284 insontis
2828 3228 3022 3283 ferunt
3052 3227 3323 3281 incendia
3350 3225 3646 3293 membra;

2236 3327 2501 3391 Tumque
2534 3319 2829 3390 reciproca
2858 3316 3219 3372 concludunt
3248 3317 3546 3387 ergastula
3577 3319 3895 3383 sanctum;

2240 3415 2377 3466 Arta
2408 3414 2750 3463 catenarum
2784 3407 3199 3476 constringunt
3224 3404 3412 3459 vincla
3442 3403 3711 3473 lacertos,

2236 3499 2469 3554 Necnon
2503 3502 2559 3553 et
2589 3496 2801 3552 collum
2840 3499 3080 3550 nectunt
3110 3510 3236 3548 cum
3266 3510 3433 3549 crure
3464 3492 3729 3566 gemello.

2240 3590 2383 3644 Ecce
2414 3592 2649 3659 repente
2682 3587 2815 3657 pius
2845 3586 3094 3639 nodatos
3121 3583 3339 3639 arbiter
3368 3588 3530 3639 artus

2237 3678 2422 3749 Eripit
2446 3682 2501 3733 et
2535 3675 2783 3731 chalibis
2817 3691 2943 3728 mox
2976 3672 3179 3728 stricta
3211 3672 3491 3743 ligamina
3522 3675 3767 3743 rumpit.

2242 3774 2409 3823 Porro
2442 3783 2576 3821 cum
2605 3770 2874 3820 sanctum
2909 3762 3129 3818 nodoso
3156 3762 3371 3816 vimine
3405 3762 3575 3817 miles

2236 3858 2478 3912 Cederet
2510 3855 2805 3909 infaustus
2838 3854 3013 3908 rubro
3045 3851 3139 3922 qui
3168 3852 3456 3921 sanguine
3485 3852 3725 3923 gaudet,

2236 3948 2343 4001 Sed
2376 3947 2593 3999 mirum
2630 3944 2787 3998 dictu
2816 3947 3182 4013 sceptrorum
3215 3942 3396 4013 ﬂagra
3428 3941 3637 3996 beatus

2239 4034 2463 4090 Ictibus
2495 4033 2720 4105 argutis
2752 4037 2975 4104 martyr
3006 4048 3119 4086 non
3153 4030 3340 4085 sensit
3370 4032 3598 4085 acerba.

2237 4124 2385 4190 Quin
2408 4124 2585 4179 immo
2611 4127 2674 4177 ut
2696 4121 2908 4193 pluma:
2939 4120 3284 4176 mollescunt
3306 4120 3524 4175 vimina
3545 4119 3662 4189 (sic)
3684 4125 3893 4176 sancto

2237 4214 2353 4269 Ceu
2384 4212 2586 4268 viridis
2618 4211 2884 4267 lentescit
2913 4211 3040 4265 lene
3076 4226 3328 4281 papyrus
3362 4209 3419 4263 in
3451 4225 3644 4275 amne,

2236 4303 2513 4359 Claudius
2546 4301 2798 4373 insignis
2829 4304 3218 4372 compunctus
3250 4300 3497 4355 credidit
3527 4298 3679 4354 ultro

2233 4392 2615 4465 Septuaginta
2644 4392 2799 4446 viros
2830 4398 3170 4445 convertens
3203 4389 3477 4461 dogmate
3508 4388 3665 4444 claro

2236 4482 2392 4538 Fecit
2418 4480 2695 4552 baptismi
2730 4478 2967 4551 purgari
2994 4479 3220 4549 gurgite
3252 4494 3512 4545 mersos;

2160 4609 2204 4672 D
2236 4571 2600 4643 QuaprOpter
2630 4570 2805 4624 rubro
2838 4568 3105 4640 perfusos
3132 4566 3441 4638 sanguinis
3471 4570 3627 4621 ostro

2236 4659 2400 4715 Miles
2432 4660 2555 4714 Ada
2584 4658 2881 4713 ethereum
2914 4658 3141 4712 faustus
3172 4656 3443 4727 perduxit
3476 4654 3758 4725 olimpum

2235 4751 2389 4814 Quos
2421 4747 2599 4804 simul
2634 4746 2925 4802 obstruxit
2949 4744 3088 4801 felix
3118 4746 3399 4817 spelunca
3424 4743 3686 4815 sepultos

2235 4836 2456 4893 Lucida
2486 4841 2778 4908 perpetuae
2808 4835 3037 4890 visuros
3067 4834 3307 4906 praemia
3334 4833 3487 4888 vitm.

2231 4926 2333 4982 His
2364 4942 2617 4982 convexa
2649 4925 2765 4997 poli
2797 4925 3005 4979 merito
3039 4923 3430 4979 lustrantibus
3461 4923 3577 4977 alto

2232 5014 2402 5071 Daria
2431 5031 2566 5071 cum
2600 5016 2745 5069 duro
2778 5014 2999 5085 patitur
3028 5016 3321 5069 tormenta
3348 5011 3693 5083 Chrysanto.

2234 5104 2488 5175 Impiger
2518 5113 2608 5160 ast
2640 5102 2736 5157 ille
2766 5102 3007 5157 strictus
3040 5100 3343 5156 molimine
3376 5099 3511 5156 ierri

2227 5194 2513 5247 Truditur
2544 5194 2601 5247 in
2632 5192 2903 5247 tenebras
2935 5190 3167 5245 laturus
3198 5190 3450 5245 carceris
3481 5192 3645 5244 atrus

2226 5281 2447 5337 Luaida
2477 5298 2593 5352 quo
2628 5280 2844 5353 putidis
2874 5279 3167 5335 ﬂuxerunt
3197 5284 3456 5334 stercora
3487 5277 3733 5349 criptis;

2223 5372 2464 5427 Nectare
2495 5372 2597 5426 sed
2630 5371 2798 5427 foster
2828 5369 2984 5427 cedit
3012 5386 3116 5425 ceu
3140 5368 3270 5425 luce
3301 5368 3563 5424 latebrae.

2223 5460 2503 5515 Traditur
2534 5461 2754 5515 interea
2782 5467 2840 5517 et
2869 5457 3170 5515 sceleratis
3202 5456 3378 5513 Daria
3406 5455 3620 5513 scortis

2224 5548 2623 5605 Prostibulum
2658 5549 2875 5605 mechae
2902 5553 3217 5619 penetrans
3249 5546 3379 5603 sine
3406 5544 3660 5602 crimine
3690 5559 3854 5599 sevo.

2313 5702 2361 5770 ο)
2397 5700 2560 5755 Liscz
2589 5700 2809 5756 cedunt.
2844 5700 3007 5755 MILL.
3040 5702 3096 5753 et
3124 5700 3271 5754 AUB.

2314 5767 2551 5845 d')7Pour
2579 5774 2823 5829 virorum
2851 5791 2871 5827 .·
2905 5770 3054 5829 mais
3087 5770 3365 5841 ilyaune
3396 5768 3552 5826 faule
3582 5767 3654 5825 de
3689 5781 3888 5837 quan-

2217 5846 2340 5902 tité.
2377 5844 2541 5905 Μιιι.
2572 5850 2629 5902 et
2656 5846 2801 5902 Ana.
