4156 6328
397 324 504 380 535

1241 319 1583 375 ADDENDA
1621 321 1719 374 AD
1758 319 2106 385 QUOSDAM
2142 320 2679 376 PRECEDENTES
2713 317 2969 376 TOMOS.

3698 314 3803 370 536

384 450 527 521 jeci,
562 450 627 503 ut
656 462 806 520 quos
839 445 1053 516 peitate
1071 444 1455 515 doctrinaque
1476 448 1820 514 praestantes
1844 443 2047 508 fuisse,
2080 445 2129 509 Α
2162 444 2573 511 obtestari,nec
2596 444 2760 515 prius
2790 441 2997 499 orandi
3022 441 3194 497 tinem
3220 440 3408 495 facere
3430 455 3607 512 quam
3631 440 3805 495 fidem

397 537 772 611 publicisque
794 535 1141 590 muneribus
1154 535 1382 606 egregie
1400 534 1455 587 fu
1467 538 1780 598 nctos,tum
1800 532 2050 588 maxime

394 644 579 699 quoru
594 643 644 681 m
666 624 1008 680 memoriam
1026 623 1323 679 cineribus
1337 622 1797 678 contumulatam
1818 637 2049 677 nossem

395 718 467 773 de
498 731 701 771 eorum
724 713 933 786 patria,
962 711 1196 780 studiis,
1222 728 1286 767 ac
1310 711 1616 785 praecipuis
1646 712 1827 784 gestis
1869 728 2053 783 pauca

394 804 706 878 sepulcrali
740 802 929 875 elogio
962 801 1707 874 subnecterem,lontesque
1740 802 1895 856 unde
1928 801 2049 874 ple-

401 895 530 951 nior
559 894 824 967 ipsorum
850 892 1056 948 notitia
1078 891 1297 947 hauriri
1332 896 1529 963 posset
1549 891 1893 947 indicarem.

470 1016 604 1067 Haec
636 1011 825 1065 fuerat
855 1008 1128 1063 universa
1150 1006 1432 1080 propositi
1457 1008 1640 1063 nostri
1674 1008 1843 1074 ratio,
1872 1024 2050 1079 quam

402 1102 541 1156 dum
560 1099 801 1171 propius
819 1097 1535 1170 urgereincipimus,aqua
1550 1097 1741 1152 denuo
1759 1097 1928 1152 nobis
1942 1097 2054 1152 hie-

399 1190 494 1246 sit.
520 1190 662 1243 Eum
685 1188 901 1243 etenim
926 1187 1563 1241 summumantlstitem
1594 1186 2055 1256 Damasumﬁdoc-

400 1282 564 1334 trinas
599 1293 665 1332 ac
698 1274 1004 1347 dignitatis
1034 1274 1227 1340 laude,
1263 1274 1593 1347 archetypis
1625 1281 1899 1346 praeterea
1933 1292 2054 1330 mo-

405 1366 706 1423 numentis
736 1365 924 1435 ipsius
949 1365 1187 1419 nomine
1210 1364 1531 1435 inscriptis,
1567 1368 1623 1419 et
1652 1380 1839 1435 usque
1862 1365 2057 1420 Romae

406 1454 827 1527 superstitibus
858 1458 991 1509 ante
1023 1452 1169 1508 alios
1191 1452 1595 1519 illustriorem,
1652 1454 1899 1525 dignum
1943 1471 2057 1526 prae

405 1544 628 1601 cmteris
650 1543 1010 1599 arbitramur
1032 1542 1135 1613 qui
1151 1542 1545 1613 Hispanorum
1578 1558 1785 1614 agmen
1806 1543 1862 1597 in
1887 1559 2061 1615 opere

406 1641 604 1692 nostro
628 1635 887 1701 duceret,
922 1632 1341 1689 nonnullorum
1382 1636 1705 1690 recentium
1742 1636 2063 1691 auctoritas

402 1723 750 1790 intercessit,
786 1723 887 1795 qui
917 1728 1177 1779 veterum
1219 1723 1396 1777 fidem
1433 1721 1676 1779 lubricis
1709 1724 2064 1794 conjecturis

407 1812 1371 1887 posthabentes,Damasum,secus
1389 1817 1568 1884 atque
1581 1813 1866 1869 hactenus
1879 1814 2065 1869 credi-

406 1912 534 1961 tum
563 1906 772 1972 fuerat,
800 1903 1082 1959 Romanis
1104 1902 1331 1959 civibus
1364 1906 1880 1960 annumerandum
1930 1921 2067 1960 cen-

412 2011 603 2060 suere,
637 1994 952 2065 ipsumque
984 1992 1185 2059 etiam,
1210 1992 1260 2047 si
1282 1992 1512 2063 superis
1565 1993 1774 2064 placet,
1814 1994 2065 2049 Lauren-

410 2084 558 2138 tium
592 2082 827 2137 levitam
861 2085 917 2137 et
946 2085 1259 2153 martyrem
1294 2080 1779 2137 invictissimum.

488 2188 777 2261 Conqueri
800 2189 1058 2259 primum
1092 2204 1198 2260 ego
1221 2192 1555 2259 temporum
1589 2195 1921 2245 nostrorum
1956 2189 2062 2243 ini-

417 2278 723 2349 quitatem,
754 2278 908 2347 quod
946 2280 1171 2331 tantum
1207 2276 1520 2331 tribunitiaa
1554 2276 2069 2348 hypercriticorum

421 2366 694 2439 potestati
720 2366 872 2435 juris
907 2365 1257 2436 permiserit;
1284 2370 1409 2420 tum
1438 2366 1674 2421 taedium
1700 2383 1765 2421 ac
1792 2366 2075 2439 propositi

422 2456 663 2512 satietas
681 2458 994 2510 consecuta
1024 2459 1114 2509 est
1145 2454 1529 2525 incredibilis,
1590 2460 1655 2510 ut
1688 2455 1797 2511 nisi
1851 2457 1975 2527 jam
2008 2472 2075 2511 eo

424 2544 842 2617 processissem
877 2544 1031 2598 unde
1063 2544 1251 2614 pudor
1277 2543 1480 2613 lexque
1511 2546 1702 2615 operis
1745 2547 1953 2617 pedem
1985 2563 2077 2602 re-

432 2636 581 2690 ferre
612 2633 1020 2706 prohibebant,
1075 2648 1147 2687 ne
1177 2631 1363 2687 hilum
1421 2633 1658 2705 quidem
1716 2636 1786 2689 de
1845 2636 2078 2706 penitus

437 2722 765 2792 abjiciendo
794 2722 1178 2776 dubitassem.
1213 2722 1367 2776 Satis
1400 2722 1555 2776 enim
1584 2739 1722 2778 ame
1753 2724 2079 2796 imparatus

432 2813 503 2868 ad
520 2812 625 2867 has
643 2810 1023 2865 difficultates
1045 2810 1599 2881 superandas,nullo
1621 2813 2082 2884 praeterealibro-

430 2916 563 2956 rum
589 2898 688 2971 qui
721 2900 793 2952 ad
826 2915 1038 2954 manus
1061 2905 1256 2954 essent
1281 2900 1573 2971 praesidio,
1598 2918 1786 2973 neque
1820 2908 1882 2957 ut
1912 2921 2079 2975 opor-

430 2992 595 3045 tebat
626 2988 873 3052 otiosus,
902 2988 1001 3059 qui
1033 2988 1354 3043 concitatos
1385 2989 1456 3044 ab
1499 2988 1630 3045 aliis
1660 2991 1953 3047 tumultus
1984 2998 2084 3048 aut

436 3080 641 3135 sedare
664 3078 789 3149 ipse
838 3094 1092 3149 possem,
1128 3082 1229 3133 aut
1258 3095 1438 3134 novos
1486 3080 1779 3136 concitare
1834 3082 2084 3138 subinde

432 3168 639 3224 vellem
657 3167 686 3222 ?

504 3275 697 3332 Unum
724 3273 865 3330 illud
890 3279 1210 3346 supererat,
1241 3275 1289 3330 si
1309 3292 1425 3347 quo
1454 3281 1584 3332 astu
1618 3278 2083 3336 adversariorum

430 3367 693 3437 impetus
715 3363 1083 3435 declinando,
1103 3381 1423 3437 eorumque
1446 3372 1737 3437 utcunque
1754 3368 1869 3423 tela
1886 3375 2086 3425 retun-

435 3456 629 3511 dendo
661 3454 814 3509 viam
846 3453 990 3508 mihi
1050 3454 1485 3524 quodammodo
1518 3456 1585 3510 ad
1648 3473 1769 3511 rem
1826 3464 2084 3514 nostram

436 3544 746 3614 aperirem,
781 3543 963 3598 donec
993 3543 1338 3598 instructior
1367 3544 1820 3600 domesticorum
1873 3547 2088 3619 aliquis

433 3630 825 3702 aquioreloco
842 3647 1097 3703 pugnam
1113 3636 1441 3702 capesseret
1455 3632 1641 3705 deque
1654 3651 1889 3690 summa
1903 3653 2029 3690 reru
2044 3654 2092 3693 m

436 3720 561 3776 acie
593 3735 725 3774 cum
759 3718 926 3774 hoste
970 3719 1308 3774 decertaret.
1360 3720 1506 3777 Hinc
1569 3721 1709 3777 mihi
1761 3724 2089 3781 disserendi

438 3808 714 3865 materies
738 3806 1036 3879 hujusque
1059 3807 1250 3880 operis
1269 3814 1682 3882 argumentum
1720 3816 1956 3867 enatum
1982 3814 2091 3870 fuit

433 3899 590 3971 quod
622 3898 761 3952 dum
788 3897 844 3951 in
871 3897 1266 3969 Hispanorum
1292 3899 1860 3971 gratinmvernaculo
1875 3918 2093 3958 sermo-

436 4006 510 4044 ne
532 3986 703 4059 paulo
731 3986 908 4043 latius
944 3986 1209 4058 persequi
1244 3988 1471 4055 studeo,
1499 3988 1730 4043 libellus
1751 3990 1883 4058 iste,
1935 3993 2091 4063 quod

437 4094 508 4134 ne
531 4076 847 4150 cogitaram
884 4075 1148 4146 quidem,
1181 4092 1211 4131 e
1244 4076 1519 4133 manibus
1550 4078 1803 4135 elabitur
1834 4080 2000 4139 meis.

507 4193 563 4247 Is
596 4208 727 4247 cum
754 4192 978 4247 interea
1009 4192 1335 4247 amicorum
1362 4194 1663 4250 nonnullis
1687 4212 1938 4267 quorum
1964 4197 2089 4269 plu-

436 4281 655 4336 rimum
671 4281 825 4351 apud
849 4296 942 4336 me
965 4280 1116 4336 volet
1130 4282 1752 4356 auctoritaslegendus
1768 4288 2094 4343 traderetur

437 4385 628 4440 neque
649 4369 793 4424 adeo
815 4369 974 4424 visus
998 4370 1675 4437 essetinformis,obnixe
1696 4392 1729 4431 a
1752 4393 1843 4431 me
1860 4381 2092 4432 oratum

434 4458 694 4525 veniunt,
724 4463 788 4513 ut
820 4458 980 4513 Latio
1006 4460 1357 4529 quantocius
1378 4462 1657 4518 donatum
1690 4466 1915 4535 publici
1939 4468 2092 4536 juris

2160 534 2218 589 in
2253 534 2306 588 id
2336 551 2521 590 meam
2539 534 3009 590 obstrinxissem.
3032 532 3172 586 Eam
3206 546 3343 602 ergo
3368 546 3523 585 nunc
3550 530 3806 602 primum

2162 629 2275 679 l‘co
2305 625 2564 696 auspice,
2598 627 2771 695 atque
2804 622 3025 677 utinam
3060 622 3251 675 fausto
3302 624 3512 675 eventu
3564 618 3811 674 liberare

2159 714 2500 786 incipimus.

2233 804 2465 859 Primus
2498 802 2681 875 igitur
2710 801 2975 858 omnium
3009 803 3111 872 qui
3162 802 3430 856 sanctum
3488 799 3813 855 Damasum

2160 894 2496 965 pontificem
2512 892 2684 958 longa
2706 890 3056 948 smeulorum
3080 891 3466 945 consensione
3482 906 3584 961 pro
3608 889 3814 962 Hispa-

2161 1000 2235 1039 no
2268 983 2535 1038 habitum
2570 981 2851 1037 Romanis
2884 979 3170 1045 attribuit,
3227 979 3443 1050 quique
3489 977 3813 1034 recentium

2160 1077 2541 1144 veterumque
2574 1070 2923 1142 scriptorum
2960 1068 3133 1123 ﬁdem
3165 1084 3231 1122 ac
3275 1068 3816 1123 vetustissimorum

2163 1162 2439 1217 Codicum
2474 1160 2881 1216 auctoritatem
2916 1156 3057 1213 solis
3098 1156 3288 1229 iisque
3319 1174 3433 1214 non
3494 1158 3816 1213 admodum

2164 1252 2353 1306 firmis
2372 1249 2727 1323 conjecturis
2752 1247 3189 1318 posthabendas
3212 1247 3463 1311 censuit,
3493 1246 3820 1301 Tillemon-

2167 1342 2286 1397 tius
2313 1342 2423 1396 fuit
2453 1341 2548 1412 (ιι).
2583 1343 2660 1404 Is,
2685 1338 2839 1411 quod
2873 1337 3048 1393 sciret
3074 1338 3389 1392 Damasum
3410 1336 3605 1391 Roma:
3628 1354 3662 1392 a
3684 1352 3823 1408 pue-

2170 1448 2230 1487 ro
2248 1447 2424 1486 sacrae
2452 1428 2673 1484 militiae
2699 1427 3035 1483 tirocinium
3063 1426 3589 1499 posuisse,perque
3621 1442 3825 1481 omnes

2170 1520 2387 1592 gradus
2400 1536 2433 1574 a
2446 1518 2729 1575 lectoratu
2744 1533 3034 1593 summam
3052 1515 3289 1571 tandem
3302 1515 3829 1570 ecclesiasticarum

2173 1626 2369 1664 rerum
2406 1609 2708 1679 adeptum;
2742 1610 2967 1678 patrem
3020 1606 3263 1677 insuper
3318 1606 3448 1674 ejus
3503 1604 3828 1659 Antonium

2175 1699 2363 1771 primo
2391 1701 2781 1769 exceptorem,
2814 1711 2948 1749 mox
2969 1694 3268 1760 lectorem,
3294 1693 3521 1748 levitam
3545 1698 3604 1748 et
3632 1710 3829 1749 sacer-

2097 1822 2145 1887 Β
2175 1790 2368 1844 dotem
2403 1786 2606 1855 fuisse,
2628 1786 2803 1857 idque
2834 1784 2891 1839 in
2913 1784 3154 1840 basilica
3175 1788 3377 1839 sancto
3402 1788 3710 1839 Laurentio
3734 1800 3830 1839 sa-

2179 1894 2299 1941 cra,
2323 1893 2450 1948 quas
2469 1875 2609 1931 olim
2632 1874 2703 1929 ad
2746 1874 3035 1929 Theatrum
3066 1873 3319 1945 Pompeii
3340 1873 3519 1939 dicta,
3579 1889 3735 1928 nunc
3766 1874 3831 1928 in

2183 1973 2419 2022 Damaso
2451 1983 2483 2021 a
2513 1963 2831 2021 conditoris
2854 1979 2958 2018 seu
2982 1963 3175 2019 verius
3198 1963 3607 2018 instauratoris
3638 1963 3833 2017 nomi-

2180 2073 2251 2112 ne
2282 2055 2454 2127 vulgo
2477 2055 2663 2120 audit,
2698 2070 2803 2109 ccu
2828 2058 3000 2109 vetus
3034 2070 3139 2108 nos
3166 2052 3333 2109 docet
3377 2052 3566 2123 ipsius
3602 2052 3836 2107 Damasi

2181 2145 2546 2217 epigramma
2575 2144 2674 2215 (b);
2698 2142 2924 2215 putavit
2953 2159 3067 2221 non
3104 2142 3301 2197 minus
3326 2148 3623 2214 parentem
3659 2158 3836 2214 quam

2182 2235 2369 2291 lilium
2406 2235 2599 2290 Romae
2633 2235 2941 2305 pueritiam
2977 2233 3841 2305 transegisse,quandoquidem

2184 2330 2431 2395 uterque
2454 2323 2684 2379 lectoris
2706 2323 2851 2377 inihi
2872 2323 3123 2395 gradum
3143 2322 3397 2377 obtinuit
3418 2323 3520 2395 qui
3554 2323 3749 2393 pueris
3773 2338 3846 2377 ex

2186 2414 2287 2469 ωνί
2314 2412 2626 2484 disciplina
2648 2412 3133 2478 demandabatur;
3156 2427 3345 2482 neque
3360 2412 3687 2483 proximum
3704 2428 3841 2467 vero

2186 2504 2437 2559 credidit
2468 2503 2617 2573 quod
2658 2500 2889 2557 Damasi
2922 2517 3133 2573 parens
3167 2505 3411 2556 Romam
3444 2518 3513 2556 ex
3554 2501 3844 2572 Hispania

2188 2604 2320 2649 cum
2348 2608 2523 2647 uxore
2545 2598 2598 2647 et
2629 2590 2830 2645 liberis
2872 2589 3280 2645 concessisset:
3343 2588 3551 2645 saltem
3613 2606 3727 2661 quo
3774 2590 3833 2645 id

2190 2686 2358 2753 pacto
2393 2682 2518 2735 fieri
2552 2679 2808 2752 potuerit
2839 2679 3174 2750 expeditum
3219 2695 3331 2734 non
3368 2679 3598 2734 habuit.

2263 2770 2530 2825 Concinit
2556 2768 2926 2825 Tillemontio
2949 2768 3021 2824 cl.
3045 2768 3334 2824 Antonius
3357 2769 3539 2823 Maria
3562 2768 3842 2824 Merenda

2191 2860 2619 2932 nuperrime,ut
2648 2858 2844 2924 audio,
2868 2858 2938 2912 ad
2964 2858 3371 2913 canonicatum
3394 2858 3655 2928 ejusdem
3685 2858 3842 2913 basi-

2194 2950 2316 3005 licae
2331 2947 2518 3004 sancti
2532 2946 2828 3002 Laurentii
2846 2946 2904 3001 in
2920 2947 3170 3002 Damaso
3187 2947 3617 3018 promotus,qui
3640 2946 3844 3018 elapso

2196 3038 2456 3111 proxime
2480 3054 2633 3092 anno
2694 3038 2830 3090 1754
2863 3054 3071 3092 novam
3121 3036 3542 3108 opusculorum
3576 3037 3843 3107 ejusdem

2198 3129 2386 3185 sancti
2415 3127 2704 3199 pontiﬁcis
2737 3127 3137 3184 collectionem
3172 3127 3497 3196 adornavit,
3560 3126 3849 3198 nobisque

2118 3193 2159 3259 Ο
2196 3193 2435 3292 (quibus
2466 3218 2624 3289 prior
2648 3217 2746 3272 illa
2766 3217 3125 3273 Tillemontii
3148 3216 3344 3288 opinio
3368 3193 3573 3288 parum
3604 3193 3848 3287 quidem

2198 3308 2441 3380 probata
2472 3306 2606 3362 viris
2630 3307 2817 3363 doctis
2853 3309 2973 3377 jam
3030 3307 3129 3361 diu
3188 3305 3467 3362 exolvisse
3522 3304 3857 3375 videbatur)

2200 3398 2376 3467 hujus
2398 3397 2601 3468 scripti
2634 3395 2862 3452 occasio
2889 3395 3130 3451 tuit.Hic
3146 3395 3322 3467 igitur
3338 3394 3697 3451 Tillemontii
3717 3410 3858 3449 con-

2187 3486 2438 3559 jecturis
2471 3502 2650 3541 novas
2684 3486 2754 3541 de
2784 3502 2891 3541 suo
2915 3485 3138 3555 adjicit;
3165 3486 3265 3541 sed
3316 3486 3683 3555 conjecturas
3715 3487 3859 3539 tan-

2196 3580 2348 3647 tum,
2374 3576 2542 3648 queis
2564 3593 2631 3631 ex
2647 3574 3210 3647 jurisconsultorum
3247 3574 3456 3645 placito
3477 3577 3552 3642 (c)
3574 3574 3633 3628 in
3650 3590 3710 3629 re
3730 3590 3856 3628 non

2197 3666 2378 3722 dubia
2403 3666 2648 3721 minime
2680 3665 2843 3721 locus
2873 3670 2978 3721 est.
3005 3665 3326 3736 Exaggerat
3353 3664 3550 3737 itaque
3571 3662 3855 3736 longissi-

2199 3755 2278 3811 mi
2301 3773 2368 3811 ex
2388 3754 2906 3827 Hispaniaitineris
2922 3753 3676 3820 difﬁcultatem,infantium
3702 3768 3856 3824 pene

2198 3846 2514 3902 liberorum
2547 3844 2823 3915 vixqueei
2866 3844 3103 3899 terendo
3125 3844 3354 3914 parium
3402 3843 3853 3915 impedimenta;

2198 3940 2324 3989 tum
2350 3934 2504 4007 quod
2529 3933 2766 3989 Damasi
2783 3950 2991 4005 parens
3018 3950 3201 3988 novus
3227 3949 3468 4005 prorsus
3491 3932 3855 4003 ignotusque

2199 4026 2388 4079 Romae
2407 4024 2607 4079 statim
2635 4023 2706 4077 ab
2730 4024 2983 4079 adventu
3008 4038 3218 4077 nomen
3247 4021 3518 4076 Ecclesiae
3566 4021 3853 4087 dedisset,

2199 4114 2414 4169 notarii
2444 4112 2722 4185 primum,
2758 4128 2891 4167 mox
2914 4111 3149 4167 lectoris
3181 4110 3350 4166 titulo
3381 4110 3438 4164 in
3490 4109 3677 4165 sancti
3714 4110 3860 4164 Lau-

2202 4203 2374 4259 rentii
2410 4201 2651 4257 basilica
2682 4217 2713 4257 e
2750 4200 2995 4271 vestigio
3028 4200 3375 4255 honestatus
3415 4198 3645 4266 fuisset;
3694 4199 3854 4269 quod

2202 4297 2522 4363 utrumque
2556 4308 2669 4347 non
2702 4290 2846 4345 satis
2878 4306 3227 4359 consonum,
3260 4289 3377 4344 imo
3410 4288 3667 4343 alienum
3688 4292 3860 4359 putat

2202 4383 2272 4436 ab
2305 4381 2539 4436 illorum
2572 4383 2904 4449 temporum
2928 4378 3261 4451 disciplina.
3283 4377 3359 4449 (Δ)
3392 4377 3715 4433 Secundum
3733 4394 3854 4432 eam

2200 4472 2401 4527 etenim
2429 4469 2668 4541 (inquit)
2700 4470 2881 4539 primo
2913 4469 3210 4539 baptizari,
3234 4466 3432 4522 deinde
3450 4483 3522 4521 ea:
3554 4466 3856 4523 intervallo

436 4548 708 4603 facerem.
726 4546 1001 4602 Abnuere
1018 4547 1141 4617 ipse
1156 4547 1411 4619 primum
1430 4552 2089 4628 angustiasquetempo-
2123 4568 2169 4630 ι)
2197 4560 2423 4632 probari
2440 4558 2646 4627 debuit,
2678 4558 2946 4628 dignusne
2966 4566 3100 4613 esset
3117 4559 3217 4628 qui
3233 4572 3410 4613 sacra?
3428 4557 3650 4610 militia:
3671 4559 3855 4611 ascri-

432 4637 519 4692 ris
542 4637 695 4709 apud
720 4653 818 4692 eos
840 4636 1091 4703 causari,
1116 4653 1316 4693 verum
1340 4638 1396 4693 id
1434 4657 1536 4711 per
1570 4642 1844 4713 speciem;
1876 4661 1936 4700 re
1962 4644 2089 4716 ipsa

439 4728 872 4782 contentiosum
902 4727 1229 4797 argumenti
1254 4743 1435 4795 genus
1467 4729 1714 4801 etplane
1734 4731 2085 4803 polemicum

437 4815 823 4888 refugiebam,
857 4815 916 4870 in
943 4832 1057 4887 quo
1092 4831 1196 4871 nec
1220 4816 1396 4873 libere
1433 4818 1731 4890 ingenium
1765 4827 2083 4892 exercetur,

436 4910 493 4960 et
524 4905 623 4960 ubi
657 4904 904 4960 aliorum
940 4910 1131 4960 errata
1157 4905 1635 4977 deprehenderis,
1672 4916 1775 4965 aut
1815 4912 1916 4982 jus
1949 4930 2084 4983 pro-

435 4994 631 5065 prium
648 4994 819 5066 paulo
833 4993 1060 5049 enixius
1078 4998 1277 5050 tueare
1296 4996 1701 5053 malevolentia
1714 5001 2085 5073 partiumque

436 5085 632 5139 studio
657 5085 874 5140 factum
897 5088 1124 5156 putant.
1150 5089 1362 5141 Contra
1388 5085 1469 5140 illi
1498 5087 1669 5142 tidem
1691 5106 1880 5157 suam,
1924 5108 2079 5146 com-

438 5188 674 5228 munem
708 5174 1051 5243 amicitiam,
1082 5172 1328 5245 gloriam
1360 5176 1607 5246 denique
1625 5180 1867 5251 Hispani
1896 5182 2080 5236 nomi-

434 5261 550 5329 nis,
570 5263 909 5335 cuircliqua
937 5280 971 5318 a
1003 5280 1095 5319 me
1141 5264 1340 5320 omnia
1397 5266 1728 5337 posthaberi
1782 5276 2079 5341 noverant,

507 5420 949 5503 (a)Iill_emont,
976 5424 1263 5503 Δίένῃοίνεδ
1290 5441 1432 5503 pour
1476 5429 1655 5503 servir
1703 5431 1737 5484 ὰ
1767 5430 2078 5503 [Histoire

806 5510 936 5565 pag.
997 5496 1122 5563 386,
1182 5502 1239 5552 et
1290 5492 1417 5568 773,
1476 5499 1532 5553 in
1594 5506 1712 5555 not.
1764 5501 1915 5557 Edit.
1978 5492 2077 5559 Vel

428 5636 580 5764 24(11):)
611 5635 919 5708 Damasus,
950 5638 1301 5709 epigramm.
1333 5641 1423 5709 35,
1455 5658 1555 5713 ap.
1606 5644 1883 5713 Merend.,
1944 5663 2074 5719 pag.

2202 4652 2436 4705 beretur.
2460 4651 2734 4703 Postremo
2758 4649 3093 4702 novennium
3109 4691 3122 4711 ,
3151 4647 3343 4701 saltem
3377 4648 3733 4714 septenni'im
3750 4662 3854 4717 pro

2196 4740 2473 4793 minorum
2493 4736 2763 4808 graduum
2786 4736 2983 4806 ofﬁciis
3002 4735 3318 4790 exercendis
3337 4739 3387 4789 et
3402 4734 3850 4805 recipiendorum

2196 4827 2513 4883 interstitiis
2536 4828 2813 4881 insumere
2840 4824 3136 4879 minimum
3167 4824 3855 4895 oportuil,ut,probatione

2194 4917 2475 4973 accedente
2499 4916 2568 4971 ad
2592 4916 2826 4971 altiores
2846 4915 3096 4971 Ecclesia:
3116 4913 3330 4985 gradus
3348 4914 3510 4969 evehi
3545 4923 3749 4983 posset.
3785 4914 3858 4969 Et

2195 5006 2397 5080 paucis
2429 5005 2749 5075 interjectis
2773 5004 2995 5076 pergit:
3049 5006 3129 5059 An
3162 5004 3342 5075 itaque
3372 5004 3432 5057 in
3490 5004 3857 5075 inferioribus

2193 5097 2481 5152 ordinibus
2506 5096 2678 5167 positi
2700 5098 2860 5165 pater
2888 5098 2937 5148 et
2964 5095 3115 5159 ﬁlius
3144 5109 3257 5148 uno
3286 5093 3579 5163 eodemque
3608 5099 3859 5164 tempore

2192 5190 2354 5257 atque
2372 5186 2564 5241 eadem
2592 5186 2651 5238 in
2678 5183 2922 5238 Ecclesia
2946 5182 2974 5237 ‘I
2994 5184 3104 5237 Hoc
3134 5184 3240 5237 alii
3256 5182 3530 5253 judicent.

2264 5276 2461 5347 Neque
2494 5275 2586 5330 his
2603 5272 2844 5328 meliora
2856 5272 3171 5343 Gregorius
3184 5270 3849 5327 JacobusTerribilinus

2348 5435 2456 5483 Hac
2485 5438 2638 5496 pater
2667 5435 2934 5495 exceptor,
2967 5432 3153 5493 lector,
3184 5430 3342 5481 levita
3371 5430 3623 5481 sacerdos

2345 5498 2691 5547 Creverat.....

2258 5578 2331 5648 (c)
2367 5582 2495 5647 Leg.
2531 5577 2796 5648 Cominus
2828 5575 2950 5642 137,
2985 5575 3015 5647 §
3042 5577 3098 5639 2,
3127 5575 3187 5630 11‘.
3219 5576 3290 5631 de
3320 5574 3387 5632 V.
3421 5574 3485 5629 Ο.

2260 5646 2336 5718 (d)
2367 5646 2497 5702 Ant.
2532 5647 2715 5702 Maria
2736 5646 3031 5713 Merenda,
3062 5663 3265 5719 opusc.
3325 5653 3383 5703 et
3438 5651 3589 5717 gest.
3645 5646 3840 5703 sancti

2188 5718 2446 5790 Damasi,
2479 5735 2607 5791 cap.
2633 5719 2683 5786 1,
2718 5734 2883 5774 num.
2918 5719 2968 5773 1.
