4156 6328
281 421 385 479 541

1199 426 1677 483 DISSERTATIO
1710 430 1808 482 DE
1841 428 2141 483 DAMASO
2176 429 2269 481 ΕΤ
2303 427 2740 485 LAURENTIO.

3583 423 3690 478 542

285 549 529 603 stratius
578 548 656 620 (α)
686 552 963 605 testatum
1013 550 1275 621 reliquit)
1326 551 1783 621 inscribiturque
1823 552 1931 605 hoc
1963 556 2008 617 Α
2046 552 2278 623 regina,
2307 552 2643 606 monasterii
2672 551 3062 617 Cassinensis,
3086 550 3691 605 sanctiMarciVeneta

284 638 456 693 titulo
500 640 891 709 Episcoporum
942 642 1200 696 Romanae
1245 641 1403 694 urbis
1450 639 1698 696 nomina.
1752 640 1809 695 In
1871 657 1936 695 eo

288 734 490 784 autem
507 727 738 797 Codice,
764 729 886 800 qui,
903 745 1019 800 quo
1042 728 1161 784 hac
1185 729 1501 785 scribimus
1522 746 1674 784 anno
1710 728 1939 784 Domini

287 819 450 885 i755,
485 823 815 887 nongentos
844 817 1071 873 circiter
1105 818 1347 889 triginta
1374 835 1560 873 annos
1592 820 1794 875 ordine
1827 837 1940 873 nu-

286 910 498 974 merat,
524 907 605 961 uti
622 922 728 961 suo
747 906 871 961 loco
891 907 1453 977 demonstrabimus,
1473 908 1592 962 hac
1605 908 1673 962 de
1690 909 1940 964 Damaso

281 995 582 1051 habentur
607 1012 620 1049 :
658 996 922 1051 Damasus
950 998 1179 1051 natione
1209 997 1449 1067 Spanus,
1482 1013 1551 1052 ex
1575 1003 1737 1069 patro
1769 998 1937 1054 Anto-

282 1084 399 1139 nio.
433 1084 576 1138 sedit
608 1100 783 1137 annos
802 1101 941 1153 xvn,
974 1101 1183 1139 menses
1218 1103 1299 1153 ιιι,
1334 1086 1449 1140 dies
1478 1104 1554 1141 x1.

356 1173 557 1228 Tertio
579 1190 613 1226 a
643 1172 815 1227 nobis
838 1172 965 1227 loco
988 1176 1371 1245 exponendus
1393 1180 1484 1230 est
1504 1176 1944 1231 vetustissimus

284 1263 447 1318 aliud
472 1262 666 1317 Codex
684 1263 1009 1333 inscriptus
1032 1280 1044 1317 :
1078 1264 1205 1319 Vitae
1227 1267 1599 1320 Romanorum
1618 1268 1946 1337 pontiﬁcum

284 1369 321 1407 α
372 1354 528 1406 beato
580 1353 740 1406 Petro
777 1353 1016 1422 apostolo
1063 1353 1133 1407 ad
1181 1358 1434 1408 sanctum
1482 1355 1773 1410 Paulum!
1818 1372 1947 1426 per-

287 1442 495 1504 ducta,
551 1457 724 1511 quem
773 1458 841 1496 ex
890 1442 1243 1514 amplissimi
1291 1444 1640 1499 Veronensis
1689 1445 1945 1501 ecclesia

291 1529 534 1602 capituli
568 1530 1048 1602 cbartophylacio
1081 1531 1309 1603 primus
1342 1533 1607 1587 omnium
1656 1534 1946 1605 evulgavit

292 1619 509 1689 Josepb
550 1618 915 1674 Blancbinus
936 1620 1228 1676 Francisci
1252 1637 1321 1675 ex
1345 1621 1519 1676 fratre
1541 1637 1722 1692 nepos
1750 1624 1946 1694 (quem

297 1707 514 1783 idcirco
540 1708 848 1763 Juniorem
883 1708 942 1762 in
978 1726 1255 1780 processu
1281 1710 1475 1780 operis
1498 1710 1946 1782 appellabimus)

301 1802 358 1853 et
385 1797 577 1868 quarti
599 1797 895 1853 Anastasii
924 1798 1069 1853 tomi
1099 1799 1527 1871 prolegomenis
1558 1801 1808 1857 inseruit
1848 1802 1944 1872 (ὁ).

2050 640 2461 705 Laurentiano,
2498 648 2551 695 et
2570 640 2703 695 aliis
2729 657 2829 711 per
2854 640 3078 693 Italiam
3098 638 3495 693 celeberrimis
3520 638 3692 693 hodie

2049 730 2189 783 dum
2225 734 2544 801 supersunt
2576 730 2703 798 ejus
2735 727 3101 801 exemplaria
3144 727 3382 782 mavelis
3414 726 3692 795 evolvere,

2051 835 2369 874 consonam
2421 818 2593 890 plane
2625 820 2695 874 de
2747 825 2993 874 Damaso
3039 818 3391 875 sententiam
3438 816 3692 886 reperias

2051 907 2316 979 ipsisque
2363 907 2455 962 his
2500 906 2692 963 verbis
2740 911 3117 979 conceptam:
3169 908 3439 963 Damasus
3468 904 3693 959 natione

2049 996 2341 1068 Hispanus,
2381 1015 2452 1052 ex
2476 1001 2634 1069 patre
2663 998 2924 1052 Antonio.

2124 1086 2359 1141 Possem
2386 1087 2655 1157 equidem
2682 1086 2795 1141 alia
2822 1087 2892 1140 de
2913 1087 3116 1141 eodem
3146 1090 3488 1156 argumento
3513 1085 3698 1157 scrip-

2054 1180 2247 1230 torum
2271 1176 2608 1231 testimonia
2622 1177 2930 1241 adducere,
2948 1176 3046 1231 sed
3064 1176 3176 1231 otio
3203 1177 3557 1246 parcendum
3578 1193 3702 1247 gra-

2055 1269 2231 1336 taque
2281 1264 2473 1336 potius
2510 1266 2765 1321 novitate
2819 1267 3167 1323 morandum
3208 1264 3482 1320 lectorem
3536 1270 3698 1336 puto.

2056 1353 2247 1409 Unum
2276 1355 2330 1408 id
2364 1358 2563 1409 tamen
2594 1356 2743 1425 quod
2778 1355 3013 1410 Damasi
3035 1356 3259 1425 pridem
3285 1354 3476 1408 Vitam
3504 1372 3536 1409 a
3558 1371 3700 1425 quo-

2056 1444 2189 1498 dam
2224 1444 2535 1499 Benedicto
2570 1445 2904 1515 presbytero
2937 1445 3351 1514 conscriptam,
3384 1448 3441 1498 et
3472 1460 3503 1498 a
3534 1444 3705 1499 Sara-

2056 1534 2221 1588 zanio
2253 1534 2317 1604 (i)
2350 1535 2507 1601 aperi
2544 1551 2650 1588 suo
2685 1536 3001 1605 pratixam,
3035 1551 3101 1588 ex
3132 1539 3324 1588 vetere
3356 1550 3465 1587 ms.
3491 1533 3702 1589 Codice

2058 1624 2290 1677 abbatis
2312 1623 2679 1679 Constantini
2699 1626 2979 1695 Cajetani,
3007 1624 3217 1695 legenti
3243 1623 3706 1679 mibisuccurre-

2058 1712 2177 1775 bat,
2211 1712 2428 1768 tacitus
2462 1714 2756 1784 praterire
2778 1730 3023 1785 nequeo.
3053 1715 3377 1769 Conversus
3404 1714 3472 1767 ad
3493 1712 3705 1767 Dama~

2059 1818 2190 1855 sum
2228 1802 2357 1873 pius
2390 1800 2487 1856 ille
2519 1804 2790 1872 scriptor,
2825 1803 2935 1857 sub
2963 1802 3139 1857 ﬁnem
3173 1803 3301 1872 ejus
3332 1801 3496 1870 Vita,
3522 1800 3707 1856 sancti

298 1888 562 1942 lsautem
578 1887 647 1942 de
662 1891 907 1942 Damaso
925 1888 1157 1959 penitus
1186 1904 1445 1943 consona
1462 1889 1755 1959 prioribus
1777 1890 1950 1945 Codi-
1980 1927 2029 1992 Β
2061 1890 2352 1960 pontiﬁcis
2402 1906 2568 1961 opem
2614 1890 2893 1962 implorat
2924 1892 3192 1945 universo
3243 1889 3500 1961 primum
3548 1887 3706 1944 ﬁdeli

295 1976 468 2033 cibus
498 1974 695 2031 habet.
742 1980 1038 2044 Damasus,
1070 1976 1285 2048 inquit,
1318 1978 1543 2032 natione
1581 1980 1851 2049 Hspanus,
1883 1996 1955 2035 ex

293 2069 456 2136 patre
501 2063 756 2132 Antonio,
788 2065 927 2120 sedit
958 2081 1135 2121 annos
1166 2082 1325 2132 xvm,
1356 2082 1567 2121 menses
1610 2083 1694 2135 ιιι,
1727 2067 1842 2123 dies
1873 2086 1949 2123 ιιι.

298 2154 528 2217 Quanta
559 2169 692 2209 vero
741 2154 819 2209 sit
850 2153 1031 2227 hujus
1061 2154 1236 2209 Codis
1285 2158 1603 2211 auctoritas
1648 2158 1815 2212 docet
1845 2174 1951 2213 nos

294 2242 510 2297 Junior
551 2241 679 2313 ipse
727 2242 1109 2311 Blanchinus,
1152 2242 1369 2315 dignus
1416 2246 1675 2316 profecto
1724 2263 1950 2317 censor,

295 2331 396 2403 qui
414 2348 532 2387 non
550 2331 728 2386 semel
745 2348 878 2388 eum
892 2332 1421 2403 praestantissimum
1439 2334 1716 2405 appellat;
1735 2336 1953 2407 quique

290 2422 491 2491 ipsum
522 2420 901 2478 celeberrimo
937 2423 1263 2478 Veronensi
1293 2426 1785 2494 Sacramentario,
1808 2426 1955 2482 inte-

289 2527 407 2583 gra
426 2510 654 2566 scilicet
669 2510 940 2567 chiliadis
955 2511 1550 2577 Codici,committere
1567 2513 1711 2568 nihil
1726 2515 1954 2571 dubita-

291 2599 379 2654 vit
404 2624 420 2666 ;
446 2600 567 2655 imo
590 2616 721 2655 vero
744 2617 880 2657 cum
900 2600 1439 2656 Sacramentarium
1463 2601 1609 2656 illud
1638 2605 1950 2674 secundas,

290 2688 639 2754 utaiunt,in
654 2690 1087 2761 prolegomenis
1102 2690 1298 2759 ducat,
1318 2692 1587 2762 princeps
1610 2693 1876 2748 omnium
1899 2694 1951 2750 ei

291 2778 365 2833 de
400 2795 519 2849 quo
553 2777 853 2850 loquimur
878 2778 1071 2835 Codici
1090 2779 1256 2835 locus
1276 2780 1496 2835 ibidem
1522 2782 1843 2839 attributus
1863 2788 1954 2841 est

364 2871 649 2939 Superest
674 2868 843 2923 nobis
859 2869 1273 2939 exponendum
1298 2870 1592 2924 Anastasii
1627 2870 1953 2929 Bibliothe-

294 2957 443 3013 carii
475 2956 884 3014 testimonium
916 2973 946 3013 c
975 2956 1127 3012 libro
1156 2961 1466 3013 Gestorum
1503 2959 1950 3032 pontiﬁcalium,

295 3047 399 3118 qui
450 3046 584 3100 aliis
637 3046 793 3101 Gesta
843 3051 1209 3101 Romanorum
1261 3046 1611 3117 pontiﬁcum,
1660 3066 1765 3104 seu
1813 3052 1954 3106 liber

287 3136 657 3208 pontiﬁcalis,
709 3135 1093 3203 inscribitur;
1147 3137 1219 3192 de
1248 3136 1423 3207 cujus
1470 3142 1669 3192 tamen
1716 3144 1953 3197 auctore

292 3224 571 3282 nonnihil
588 3224 1429 3296 pranotareoportetJPrimus
1446 3225 1710 3282 omnium
1725 3228 1951 3285 Marcus

2062 1978 2298 2049 populo,
2354 1979 2426 2033 iis
2474 1980 2766 2051 pracipue
2810 1980 2910 2051 qui
2944 1981 3147 2034 devote
3196 1984 3367 2047 atque
3414 1993 3482 2033 ex
3513 1978 3708 2033 animo

2060 2067 2250 2137 ipsius
2286 2068 2475 2123 natale
2497 2068 2931 2125 celebraverint.
2964 2067 3155 2123 Verba
3177 2068 3297 2122 hac
3321 2072 3491 2122 sunt:
3516 2068 3713 2122 Sancte

2063 2158 2251 2228 itaque
2280 2159 2535 2225 Damase,
2551 2174 2812 2214 succurre
2840 2174 2904 2213 ac
2934 2160 3195 2213 miserere
3232 2160 3384 2213 omni
3404 2158 3624 2228 papula,
3663 2156 3714 2210 si

2060 2247 2181 2315 quis
2198 2246 2264 2301 de
2279 2255 2414 2314 vote,
2449 2263 2514 2301 ac
2542 2247 2834 2317 desiderio,
2864 2265 2929 2302 ac
2949 2252 3054 2304 toto
3067 2248 3244 2303 cordis
3263 2248 3462 2318 affectu
3475 2247 3715 2302 celebrat

2062 2337 2217 2389 tuum
2264 2335 2481 2392 natale.
2522 2339 2712 2409 Pergit
2743 2338 2995 2393 subinde
3027 2337 3260 2392 Damasi
3318 2335 3713 2407 patrocinium

2062 2424 2278 2495 populo
2300 2425 2562 2481 Romano
2595 2428 2653 2482 in
2684 2426 2841 2481 hunc
2865 2428 3106 2482 modum
3132 2442 3487 2496 exposcens:
3516 2427 3714 2479 Sancte

2060 2513 2313 2580 Damase,
2343 2514 2421 2568 sis
2450 2516 2781 2571 intercessor
2810 2514 2993 2583 illius,
3019 2514 3238 2584 adjutor
3266 2520 3316 2567 et
3335 2512 3588 2583 defensor
3614 2527 3711 2581 po-

2058 2603 2182 2674 puli
2228 2606 2479 2672 Romani,
2514 2606 2608 2660 ubi
2654 2604 3006 2675 pontiﬁcatus
3051 2605 3310 2659 honorem
3352 2602 3550 2657 habere
3587 2616 3708 2655 me-

2062 2694 2253 2747 ruisti.

2135 2782 2419 2854 Estimet,
2440 2801 2661 2854 quaso,
2685 2785 2945 2856 prudens
2969 2783 3170 2851 lector,
3193 2799 3369 2855 quam
3388 2798 3502 2836 non
3518 2780 3714 2836 siluis-

2062 2876 2150 2925 set
2186 2872 2420 2929 Damasi
2464 2874 2607 2928 Vita
2639 2875 2890 2945 scriptor
2918 2874 3045 2943 ejus
3079 2873 3352 2944 patriam,
3382 2872 3429 2925 si
3479 2886 3616 2926 vere
3644 2887 3713 2925 ea

2065 2959 2248 3015 Roma
2302 2967 2476 3029 esset,
2509 2965 2745 3034 quando
2776 2964 2849 3019 ob
2882 2978 3169 3035 suprema
3210 2961 3427 3016 ibidem
3461 2961 3712 3015 obtenta

2064 3048 2372 3119 dignitatis
2414 3054 2754 3107 memoriam
2786 3052 3105 3107 Damasum
3144 3052 3419 3106 fidentius
3464 3058 3609 3119 orat,
3641 3066 3714 3105 ne

2064 3136 2290 3194 scilicet
2320 3156 2420 3195 eos
2439 3142 2669 3196 deserat
2688 3141 2844 3213 apud
2867 3157 3011 3210 quos
3032 3138 3405 3212 pontiﬁcatus
3430 3138 3712 3193 honorem

2064 3223 2279 3282 habere
2299 3228 2535 3284 meruit.
2550 3234 2668 3283 Aut
2689 3244 2795 3284 cur
2812 3246 2922 3283 non
2948 3243 3322 3283 communem
3346 3226 3443 3281 ille
3458 3227 3711 3298 patriam

287 3293 899 3369 Velserus'triumvir
940 3293 1315 3385 Augustanus
1341 3355 1356 3382 ,
1389 3314 1489 3385 qui
1539 3319 1672 3386 post
1719 3317 1953 3374 Petrum
1984 3293 2029 3356 C
2071 3313 2423 3371 siDamasus
2440 3317 2634 3372 Roma
2657 3293 3713 3387 natusfuisset,obnixiuscbtestatus

290 3404 631 3460 Crabbeum
664 3404 774 3459 hoc
806 3420 954 3476 opus
983 3404 1376 3477 evulgaverat,
1410 3408 1720 3463 Anastasio
1754 3425 1954 3465 mona-

286 3495 428 3561 cho,
454 3494 558 3567 qui
584 3494 758 3566 vulgo
785 3494 1274 3551 Bibliothecarius
1296 3495 1483 3562 audit,
1508 3496 1801 3569 integrum
1821 3500 1957 3554 attri

286 3586 455 3649 buit,
480 3584 644 3640 nullo
662 3589 858 3641 tamen
882 3584 1076 3640 oblato
1096 3602 1380 3656 sponsore
1398 3586 1607 3643 idoneo
1622 3589 1707 3659 (c).
1729 3590 1956 3650 Velseri

287 3673 662 3730 sententiam
697 3675 887 3745 primo
916 3674 1234 3730 Panvinius
1266 3675 1362 3746 (ά),
1388 3692 1521 3730 mox
1551 3684 1607 3732 et
1638 3678 1957 3736 cardinalis

288 3764 700 3819 Bellarminus
726 3764 819 3833 (e),
866 3762 1080 3833 aliique
1103 3764 1418 3835 amplexati
1449 3769 1625 3833 sunt;
1673 3765 1959 3821 Baronius

285 3853 372 3924 (f)
405 3857 635 3916 tamen,
669 3851 822 3908 libro
854 3852 924 3906 ad
957 3853 1241 3908 trutinam
1266 3853 1640 3909 exactissime
1669 3859 1958 3921 revocato,

288 3958 430 3999 com
442 3940 987 4011 peritAnastasium
1006 3940 1168 3996 nullo
1192 3943 1363 3997 modo
1381 3947 1681 3999 auctorem
1704 3944 1817 3999 dici
1834 3960 1962 4015 pos-

289 4049 379 4098 se,
419 4031 527 4086 sed
552 4035 780 4085 tantum
802 4029 1172 4086 collectorem
1205 4032 1631 4102 pontiﬁcalium
1657 4038 1957 4105 gestorum

287 4135 498 4191 usque
521 4119 592 4173 ad
618 4119 940 4174 Adrianum
972 4119 1040 4185 ΙΙ,
1065 4120 1247 4175 donec
1269 4121 1505 4175 tandem
1541 4122 1958 4179 Scbelstratius

286 4210 394 4280 (ῃ),
437 4205 781 4261 Holstenius
812 4211 870 4261 et
900 4205 1018 4273 alii,
1054 4205 1282 4261 invictis
1315 4210 1679 4279 argumentis
1711 4211 1962 4266 docuere

284 4314 492 4354 unam
518 4294 742 4351 Nicolai
763 4296 785 4351 Ι
805 4294 996 4351 Vitam
1020 4296 1323 4351 Anastasio
1342 4301 1438 4351 tan
1450 4314 1624 4368 quam
1649 4303 1803 4353 certo
1823 4316 1960 4354 auc-

283 4388 409 4443 tori
450 4385 701 4441 attribui
745 4401 936 4456 posse,
970 4385 1332 4456 reliquorum
1365 4390 1561 4441 autem
1607 4385 1958 4457 pontiﬁcum

284 4492 416 4532 non
458 4472 640 4528 unius
671 4472 923 4542 alicujus
954 4472 1259 4543 scriptoris
1286 4478 1388 4526 aut
1416 4473 1606 4528 atatis
1628 4490 1775 4545 opus
1804 4474 1961 4529 asti-

288 4564 564 4621 mandas
600 4577 749 4618 esse.

2066 3420 2234 3475 opem
2267 3408 2394 3475 ejus
2428 3423 2543 3462 non
2562 3408 2689 3477 jam
2714 3406 3053 3478 gratuitam,
3080 3407 3179 3461 sed
3206 3405 3375 3477 quasi
3398 3422 3465 3460 ex
3492 3403 3711 3471 debito,

2067 3492 2368 3561 Romanis,
2393 3496 2620 3551 civibus
2647 3512 2855 3567 nempe
2869 3499 3017 3562 suis,
3043 3495 3400 3551 reddendam
3418 3492 3716 3567 poposcis-

2067 3582 2201 3637 set?
2230 3583 2345 3639 Cur
2376 3600 2491 3640 non
2520 3585 2759 3640 demum
2794 3584 3046 3655 scriptor
3071 3584 3167 3639 ille
3197 3583 3434 3640 Damasi
3465 3582 3714 3654 patriam

2067 3677 2393 3742 opportune
2410 3677 2586 3743 atque
2614 3674 2671 3728 in
2705 3690 2827 3728 rem
2863 3689 3024 3728 suam
3059 3673 3345 3744 apposite,
3372 3678 3435 3726 ut
3456 3676 3710 3741 poterat,

2067 3760 2464 3831 deprecationi
2514 3762 2883 3827 inseruisset,
2932 3761 3023 3817 his
3056 3767 3325 3817 sanctum
3379 3760 3715 3831 pontiﬁcem

2065 3847 2259 3903 verbis
2307 3849 2669 3921 compellans
2711 3866 2723 3903 :
2776 3849 2969 3904 Sancte
3016 3849 3245 3903 Damase
3293 3889 3307 3913 ,
3340 3846 3417 3900 sis
3464 3846 3717 3913 defensor

2065 3937 2265 4007 populi
2313 3941 2571 4005 Romani,
2604 3940 2699 3996 ubi
2728 3943 2785 3995 et
2825 3945 3001 3993 natus
3052 3936 3215 3993 fuisti
3256 3941 3314 3991 et
3355 3935 3713 4005 pontiﬁcatus

2068 4027 2330 4082 honorem
2357 4029 2555 4084 habere
2586 4030 2887 4083 meruisti?

2143 4121 2218 4171 De
2241 4118 2587 4188 antiquitate
2602 4119 2781 4188 hujus
2796 4117 3022 4173 Codicis
3037 4115 3181 4171 nihil
3208 4114 3332 4187 ipse
3357 4114 3412 4168 in
3439 4116 3715 4184 promptu

2070 4205 2278 4271 habeo,
2332 4223 2437 4262 nec
2468 4208 2814 4263 Sarazanius
2844 4223 2970 4262 eam
3005 4205 3176 4261 nobis
3206 4203 3505 4259 indicavit.
3548 4202 3711 4268 Quod

2071 4302 2263 4351 autem
2288 4298 2603 4352 Auctorum
2621 4297 2887 4365 scriptor,
2906 4295 3208 4366 proprium
3225 4309 3435 4348 nomen
3449 4297 3506 4348 et
3527 4291 3716 4361 digni-

2072 4390 2273 4453 tatem,
2302 4402 2404 4440 seu
2437 4387 2709 4457 gradum,
2743 4386 3065 4457 professus,
3098 4388 3330 4456 gentem
3356 4383 3716 4438 familiamve

2070 4473 2271 4528 itidem
2322 4492 2491 4529 suam
2525 4493 2639 4531 non
2674 4473 3011 4545 prodiderit,
3041 4490 3110 4528 ea
3141 4488 3273 4527 vero
3307 4489 3420 4527 non
3452 4470 3713 4541 vulgaris

2072 4562 2215 4617 mihi
2246 4564 2609 4635 antiquitatis
2640 4565 2978 4633 conjectura
3002 4566 3111 4631 est,
3144 4578 3321 4632 quam
3356 4560 3603 4632 simplex
3633 4567 3715 4614 te-

370 4656 441 4709 ln
482 4653 613 4722 ejus
645 4654 841 4706 autem
866 4650 1221 4706 Pontificalis
1252 4650 1385 4705 libri
1409 4651 1599 4722 prima
1621 4656 1803 4724 parte,
1832 4670 1958 4724 qua
1992 4662 2039 4726 D
2077 4654 2329 4724 nuisque
2358 4654 2641 4709 orationis
2663 4653 2852 4725 stylus
2874 4651 3119 4707 miriﬁce
3140 4652 3465 4706 conﬁrmat.
3499 4650 3555 4703 Si
3576 4647 3718 4719 quid

286 4746 412 4803 sub
457 4742 699 4797 initium
736 4758 834 4795 vm
867 4741 1063 4797 saculi
1094 4742 1427 4811 conscripta
1460 4743 1531 4797 ab
1561 4744 1808 4797 eruditis
1838 4761 1966 4800 cre-

286 4836 471 4891 ditur
493 4832 598 4901 (h),
616 4830 900 4901 Vitasque
924 4832 1316 4886 Romanorum
1337 4831 1681 4902 pontificum
1704 4834 1969 4890 continet

284 4940 505 4996 usque
529 4923 601 4977 ad
626 4922 1099 4991 Constantinum,
1123 4938 1225 4976 seu
1248 4921 1560 4977 Vaticanos
1577 4922 1839 4991 Codices,
1862 4941 1967 4983 seu

278 5010 714 5071 vetestissima
731 5009 933 5082 quain
946 5009 1535 5065 bibliothecisChristi
1548 5028 1629 5066 na
1644 5012 1965 5069 Succorum

358 5142 450 5213 (α)
491 5142 656 5213 :I‘om.
693 5134 1030 5213 I_An_tiquit.
1055 5134 1574 5213 ecclesiastica,‘i‘n
1607 5137 1857 5213 append.
1892 5138 1965 5192 ad

358 5152 450 5213 (α)
491 5152 656 5191 'l'om.
694 5152 713 5190 1
746 5152 1030 5205 AnquUIE.
1055 5152 1481 5203 ecclesiastica,
1515 5152 1574 5188 1n
1607 5152 1857 5261 aippeno.
1892 5152 1964 5192 ad

278 5229 456 5283 opus
481 5207 1189 5283 Chrono‘logicum,_num.
1220 5208 1309 5273 22,
1338 5224 1450 5283 pag
1473 5207 1599 5262 611.
1644 5208 1776 5283 adit.
1797 5209 1964 5283 Rom.

280 5276 471 5340 1692.
504 5276 1145 5351 -Βθιιὶοι’Β18.ιιβὶιίη.,
1170 5282 1313 5332 tom.
1340 5276 1716 5345 llAnastasii,
1740 5297 1773 5334 a
1795 5280 1964 5351 p.14.

358 5356 456 5425 (b)
499 5355 544 5406 A
575 5368 709 5425 pag.
748 5356 768 5405 1
806 5357 862 5405 et
888 5350 1182 5425 deinceps.

365 5420 453 5499 (ε)
493 5429 572 5499 hi.
606 5420 1458 5499 Velserus,in_prafat.adlib.
1480 5421 1968 5499 rPontit‘LMogun-

284 5491 390 5555 tia}
429 5491 672 5551 editum
708 5510 844 5547 ann.
879 5494 1038 5561 1602,
1062 5510 1154 5563 ap.
1179 5491 1644 5554 Scbelstratium.
1669 5493 1967 5549 dissertet.

284 5574 365 5630 de
404 5568 613 5637 antiq.
650 5567 889 5620 Roman.
930 5569 1085 5637 pont.
1122 5563 1424 5637 catalogis,
1446 5581 1584 5637 cap.
1617 5566 1671 5631 7,
1707 5582 1762 5619 n.
1800 5567 1850 5620 ~l.

370 5643 494 5713 (si)!
518 5634 741 5713 ln'not.‘
764 5638 835 5713 ad
867 5634 1177 5702 Platinam,
1211 5638 1269 5690 in
1299 5634 1480 5691 Nicol.
1506 5635 1551 5699 Ι,
1584 5638 1738 5708 apud
1772 5636 1971 5692 Schei-

289 5708 630 5779 stratium,
664 5708 808 5765 ibid.

372 5786 464 5855 (ε)
493 5781 620 5836 Lib.
646 5780 1098 5849 chcriptorib.,
1116 5780 1177 5835 in
1199 5779 1472 5848 Damaso,
1494 5795 1587 5851 ap.
1614 5779 1971 5836 Scbeelstra-

2080 4746 2275 4798 autem
2310 4744 2368 4797 in
2401 4742 2494 4797 his
2537 4743 2711 4798 rebus
2762 4742 3021 4797 divinare
3052 4740 3244 4805 liceat,
3279 4739 3469 4793 locum
3514 4738 3718 4791 illum:

2078 4832 2314 4888 Sucurre
2343 4849 2408 4888 ac
2432 4834 2712 4900 miserere,
2747 4837 2835 4886 etc
2861 4848 2873 4885 :
2906 4832 2961 4886 si
2989 4829 3111 4901 quis
3141 4828 3326 4881 devote
3358 4843 3422 4881 ac
3450 4825 3722 4880 desiderio

2075 4922 2309 4977 celebrat
2338 4930 2489 4976 tuum
2506 4923 2714 4989 natale,
2744 4937 2810 4975 ex
2832 4917 3145 4975 Prudentia
3166 4918 3503 4970 mutuatum
3522 4913 3722 4984 suspi-

2078 5028 2195 5079 cor,
2238 5013 2337 5083 qui
2370 5013 2437 5067 de
2467 5009 2773 5066 Vincentio
2828 5008 3002 5063 levita
3032 5010 3088 5062 et
3121 5008 3375 5077 martyre
3408 5019 3522 5056 non
3566 5002 3719 5055 mul-

2078 5136 2251 5202 tium,
2286 5137 2430 5191 ibid.

2151 5227 2217 5297 (f)
2248 5228 2332 5280 Ad
2367 5242 2503 5282 ann.
2537 5225 2664 5294 867,
2696 5241 2858 5279 num.
2886 5224 3006 5279 139.

2147 5316 2234 5386 (g)
2283 5315 2526 5370 Dissert.
2578 5315 2647 5368 de
2698 5312 2972 5386 Antiquis
3018 5313 3183 5386 Rom.
3232 5314 3393 5383 pont.
3447 5308 3723 5379 catalog.,

2078 5383 2294 5458 cap.’7,
2330 5403 2491 5441 num.
2524 5389 2579 5453 2,
2614 5389 2669 5439 et
2701 5385 2780 5439 ibi
2810 5383 3169 5438 Holstenius.

2153 5476 2230 5548 (ὴ)
2262 5476 2393 5529 Vid.
2437 5475 2652 5548 Seniorg
2694 5472 3076 5536 Blancbinus,
3123 5474 3182 5530 in
3234 5472 3455 5546 praefat.
3491 5471 3512 5525 Ι
3572 5474 3715 5524 tom.

2079 5546 2305 5603 Anast”
2341 5564 2505 5602 num.
2534 5548 2588 5609 6,
2619 5546 2674 5602 7.

2151 5638 2215 5707 (ἐ)
2264 5637 2326 5690 In
2378 5634 2645 5691 Editione
2686 5635 2964 5709 Romana
3004 5650 3162 5707 oper.
3229 5633 3413 5689 sancti
3467 5629 3721 5696 Damasi,

2081 5726 2219 5764 ann.
2253 5709 2411 5764 4638.
2447 5724 2479 5761 a
2509 5722 2641 5777 pag.
2673 5707 2761 5760 63.
