4156 6328
412 407 521 461 543

1243 405 1593 459 ADDENDA
1632 407 1731 459 AD
1768 402 2115 469 QUOSDAM
2155 403 2696 459 PRBCEDENTES
2731 404 2986 459 TOMOS.

3714 406 3820 459 544

416 536 542 586 tum
578 528 875 586 absimilia
906 530 1129 600 pridem
1156 529 1555 601 panxerat(a).
1591 529 1672 583 En
1696 529 1822 599 ejus
1840 526 2050 593 verba;
2086 534 2137 601 Α
2172 525 2540 597 conscriptus
2572 527 2825 598 primum
2871 528 3065 596 fuerit,
3097 529 3452 596 Felicianus;
3504 530 3645 601 quia
3694 547 3829 586 vero

726 634 979 683 Miserere
1016 642 1317 683 nostrarum
1349 648 1590 697 precum,

664 698 911 747 Placatus
943 702 1003 746 ut
1027 696 1268 746 Christus
1298 695 1412 745 suis

662 760 889 810 Inclinat
920 773 1099 809 aurem
1132 772 1442 822 prosperam

662 825 837 872 Noxas
867 837 965 873 nec
995 835 1182 871 omnes
1211 824 1457 883 imputet.

726 886 780 933 Si
812 886 909 935 rite
945 886 1238 935 solemnem
1265 884 1407 934 diem

660 948 994 997 Veneremur
1028 962 1119 997 ore
1153 953 1206 997 et
1235 952 1471 1010 pectore,

661 1012 713 1058 Si
746 1010 845 1059 sub
878 1016 1090 1060 tuorum
1123 1008 1325 1071 gaudio

664 1073 1028 1137 Vestigiorum
1055 1074 1365 1123 sternimur.

1065 1180 1297 1237 CAPUT
1332 1181 1401 1235 II.

408 1270 678 1327 Feliciani
714 1272 1037 1343 pontiﬁcum
1065 1270 1327 1343 catulogi,
1361 1273 1521 1343 atque
1553 1268 1835 1343 Anastasii
1856 1273 2061 1343 _aucto-

481 1344 640 1470 gitas,
684 1337 792 1398 non
827 1337 1117 1399 catholicis
1145 1341 1323 1409 modo,
1356 1340 1447 1396 sed
1478 1342 1612 1411 ipsis
1637 1341 1809 1396 etiam
1849 1337 2058 1393 hetero-

520 1418 644 1470 oxis
675 1420 819 1471 rata.

479 1513 590 1569 Res
622 1513 714 1568 hic
748 1512 916 1569 nobis
946 1516 1036 1567 est
1062 1528 1195 1566 cum
1226 1510 1601 1578 Terribilino,
1632 1510 1733 1581 qui
1794 1505 2057 1579 catalogo

411 1603 810 1658 Romanorum
844 1602 1182 1674 pontiﬁcum
1216 1602 1326 1655 sub
1365 1599 1546 1655 Felice
1568 1598 1641 1653 IV
1668 1599 1863 1669 (quem
1886 1595 2057 1665 vulgo

409 1693 715 1749 Secundum
749 1691 1030 1764 appellari
1052 1691 1309 1746 diximus
1340 1706 1525 1761 eoque
1547 1705 1576 1744 e
1597 1687 1764 1744 nobis
1782 1687 2057 1758 deinceps

408 1782 645 1839 nomine
659 1777 1728 1854 designabiturﬂoquens,dequelibro
1750 1780 2055 1849 gestorum

408 1870 833 1945 pontiﬁcalium
865 1872 937 1925 ab
970 1870 1281 1925 Anastasio
1304 1868 1566 1934 collecto,
1601 1883 1716 1923 non
1741 1865 1939 1936 magni
1973 1866 2057 1920 fa-

408 1960 675 2015 ciendam
694 1960 1002 2027 utriusque
1016 1958 1317 2029 scriptoris
1336 1956 1746 2013 auctoritatem
1760 1954 2055 2009 afﬁrmare

408 2049 555 2105 nihil
589 2048 1355 2116 dubitat.Merendaautem,
1380 2063 1452 2100 an
1478 2045 1673 2115 etipse
1692 2043 1877 2099 inhac
1892 2046 2054 2115 parte

409 2137 761 2195 Terribilino
784 2138 1098 2205 adhaereat,
1126 2135 1367 2190 minime
1389 2150 1494 2205 ego
1518 2134 1813 2189 affirmare
1835 2131 2050 2199 ausim;

406 2229 464 2284 in
484 2230 614 2299 ejus
632 2233 785 2284 certe
803 2228 1153 2283 sententiam
1181 2225 1540 2297 propendere
1560 2241 1628 2280 ex
1649 2240 1715 2279 eo
1740 2222 1881 2278 mihi
1898 2222 2052 2278 vide-

406 2326 523 2386 tur,
538 2320 691 2385 quod
714 2324 833 2373 tam
850 2319 1144 2373 Anastasii
1159 2333 1335 2387 quam
1360 2316 1604 2371 secundi
1627 2314 1871 2385 catalogi
1889 2318 2055 2369 auto-

406 2410 662 2475 ritatem,
695 2424 821 2479 quae
843 2412 1091 2478 utraque
1114 2405 1374 2477 opinioni
1409 2422 1525 2459 sua:
1551 2419 1621 2458 ex
1648 2405 1891 2458 adverso
1915 2405 2054 2472 stat,

406 2497 645 2568 perinde
668 2496 1005 2567 neglexerit,
1024 2495 1194 2567 quasi
1212 2492 1354 2548 nihil
1369 2493 1419 2548 ei
1441 2494 1514 2548 ab
1533 2493 1638 2548 hac
1654 2500 1815 2564 parte
1838 2492 2053 2547 timen-

406 2587 546 2641 dum
582 2587 747 2642 foret.
783 2584 1046 2641 Primum
1072 2587 1267 2639 autem
1292 2582 1557 2637 omnium
1583 2598 1773 2653 operas
1801 2582 2052 2653 pretium

411 2676 584 2729 fuerit
606 2674 864 2730 indicare
879 2674 1041 2744 queis
1055 2674 1292 2728 demum
1312 2673 1578 2744 partibus
1595 2671 1887 2726 Anastasii
1906 2670 2055 2726 liber

410 2763 765 2819 Pontificalis
807 2767 1054 2827 constet,
1078 2777 1398 2832 earumque
1432 2766 1701 2816 auctores
1726 2764 1888 2827 ,tum
1927 2778 2055 2816 ma-

406 2853 559 2908 xime
588 2869 616 2907 e
647 2852 864 2923 quibus
900 2852 959 2906 hi
995 2852 1257 2906 fontibus
1279 2851 1582 2905 hauserint
1606 2850 1947 2921 pontificum
1970 2851 2052 2905 vi-

410 2949 502 3001 tas
525 2958 839 3013 rerumque
865 2943 936 2998 ab
953 2942 1097 3013 ipsis
1120 2945 1414 3011 gestarum
1436 2941 1645 2996 seriem
1682 2941 2052 2998 attexuerint.

489 3035 832 3092 Universum
867 3034 1051 3105 igitur
1080 3033 1377 3088 Anastasii
1408 3049 1554 3103 opus
1579 3032 1636 3087 in
1673 3037 1792 3087 tres
1816 3032 2054 3104 potissi-

414 3142 575 3182 mum
603 3130 827 3180 tractus
851 3124 1137 3179 uberioris
1159 3123 1434 3179 doctrinas
1458 3123 1643 3195 gratia
1665 3122 1841 3177 dividi
1868 3125 2060 3194 potest

412 3217 646 3271 Primus
661 3217 867 3271 seriem
884 3216 1525 3271 exhibetRomanorum
1548 3214 1889 3285 pontificum
1905 3230 2054 3267 asan

2173 615 2360 669 solido
2393 632 2568 687 quam
2606 617 2764 687 prior
2795 618 2889 673 ille
2917 618 3257 674 Liberianus
3292 619 3712 689 sesquisaeculo
3739 638 3835 677 re-

2171 704 2397 760 centior
2426 712 2532 772 est,
2560 707 2839 762 secundus
2864 706 3038 780 vulgo
3068 707 3357 778 catalogus
3374 708 3724 780 appellatur,
3758 712 3832 767 ab

2172 808 2460 865 anonymo
2488 794 2714 862 itidem,
2750 800 2813 850 ut
2836 796 2996 866 prior
3026 794 3143 862 ille,
3176 796 3469 867 scriptore
3503 798 3831 855 confectus.

2244 882 2542 939 Postremo
2564 884 2827 939 omnium
2854 888 3044 941 tractu
3068 885 3235 941 nobis
3258 885 3495 942 exhibet
3526 887 3833 943 Anastasii

2168 969 2318 1025 liber
2346 971 2487 1026 Acta
2518 987 2729 1043 resque
2752 976 2949 1043 gestas
2982 972 3327 1044 pontificum
3351 974 3767 1042 recentiorum,
3790 994 3825 1032 a

2172 1058 2355 1114 Felice
2378 1059 2601 1115 scilicet
2615 1060 2689 1115 IV
2703 1061 2772 1115 ad
2790 1060 3092 1117 Nicolaum
3112 1062 3335 1130 I,cujus
3352 1062 3828 1135 vitam,prteeun-

2172 1148 2329 1204 tibus
2361 1148 3192 1219 Holstenio,Scheelstratio,et
3210 1151 3450 1207 Seniore
3479 1151 3822 1219 Blanchino,

2170 1238 2493 1310 genuinum
2510 1243 2743 1295 tantum
2771 1240 3063 1296 Anastasii
3078 1240 3259 1295 fetum
3280 1257 3409 1297 esse
3424 1242 3649 1313 pridem
3667 1243 3821 1300 dice-

2170 1326 2399 1382 bamus.
2436 1327 2598 1383 Vitas
2629 1344 2761 1383 vero
2796 1327 3138 1399 pontificum
3173 1329 3273 1399 qui
3307 1329 3460 1384 inter
3482 1330 3729 1386 Felicem
3765 1336 3827 1387 et.

2168 1416 2469 1472 Nicolaum
2486 1417 2668 1473 ternis
2691 1421 2834 1473 eteo
2859 1417 3114 1489 amplius
3137 1418 3362 1474 saeculis
3386 1419 3583 1475 sedem
3609 1424 3822 1476 tenue-

2168 1510 2327 1573 runt,
2365 1522 2480 1561 non
2514 1506 2691 1562 unius
2722 1506 3028 1577 scriptoris
3061 1524 3246 1577 neque
3276 1508 3464 1564 astatis
3486 1525 3637 1581 opus
3657 1525 3816 1579 esse,

2169 1614 2283 1652 una
2318 1596 2580 1668 ipsorum
2605 1596 2739 1669 styii
2771 1597 3017 1653 varietas
3030 1599 3387 1670 jampridem
3422 1599 3496 1653 ab
3518 1599 3821 1655 Holstenio

2169 1687 2234 1757 (Γ)
2259 1686 2667 1743 animadversa
2688 1686 2833 1743 satis
2861 1692 3150 1758 argueret,
3168 1688 3276 1744 etsi
3296 1688 3411 1744 alia
3433 1689 3673 1745 dessent
3690 1706 3820 1745 om-

2168 1777 2285 1832 nia.
2311 1776 2512 1848 Itaque
2529 1776 2819 1849 singulas,
2835 1794 3134 1833 summum
3156 1778 3326 1833 binas
3339 1783 3603 1835 ternasve
3618 1780 3689 1835 ab
3705 1797 3827 1836 uno

2167 1870 2401 1921 auctore
2433 1866 2797 1938 conscriptas
2829 1867 3033 1934 fuisse,
3058 1867 3423 1939 diversisque
3455 1869 3825 1940 temporibus

2087 1927 2134 1992 Β
2165 1954 2489 2010 secundum
2506 1953 2851 2011 smeulorum
2869 1955 3235 2012 seriemlibro
3254 1956 3568 2012 Pontificali
3585 1962 3825 2013 assutas

2164 2045 2370 2097 merito
2399 2048 2638 2097 censent
2666 2043 3199 2100 ecclesiasticarum
3237 2062 3431 2101 rerum
3470 2046 3813 2118 scriptores.

2237 2131 2350 2188 Nec
2399 2131 2614 2187 Prioris
2646 2148 2783 2203 ergo
2814 2132 2975 2188 illius
3004 2134 3296 2189 Liberiani
3344 2139 3586 2203 tractus,
3620 2152 3814 2208 neque

2163 2223 2507 2279 Posterioris
2540 2223 2721 2295 hujus
2764 2225 2945 2279 tertiae
2985 2226 3358 2281 Anastasiani
3408 2227 3599 2298 operis
3632 2228 3819 2297 partis

2166 2312 2338 2368 fidem
2366 2313 2890 2386 auctoritatemque
2913 2316 3062 2369 tueri
3089 2316 3260 2370 nobis
3280 2324 3363 2371 est
3388 2316 3643 2381 animus,
3678 2333 3820 2371 neu-

2164 2402 2323 2457 trubi
2356 2400 2567 2456 etenim
2597 2406 2816 2472 nostra,
2842 2404 2996 2474 quod
3023 2404 3210 2473 aiunt,
3238 2422 3329 2460 res
3352 2406 3580 2478 agitur;
3614 2424 3818 2463 verum

2164 2507 2301 2545 cum
2336 2490 2393 2544 in
2428 2492 2707 2558 secunda,
2741 2491 2999 2564 itemque
3029 2494 3086 2547 in
3124 2494 3416 2550 Feliciano
3472 2497 3820 2552 Pontificum

2165 2580 2430 2653 catalogo
2480 2585 2793 2637 Damasum
2826 2582 3041 2637 diserte
3081 2583 3406 2655 Hispanum
3449 2587 3825 2657 pronuntiari

2165 2670 2386 2726 dictum
2422 2669 2499 2725 sit
2531 2670 2786 2741 sazpius;
2821 2687 3142 2744 eorumque
3175 2674 3579 2731 auctoritatem
3614 2676 3824 2731 verba-

2166 2777 2279 2832 que
2308 2778 2410 2831 pro
2445 2765 2647 2815 nostra
2676 2762 2971 2816 sententia
3002 2764 3595 2836 praeallegaverimus.
3628 2766 3825 2820 utriu-

2167 2866 2313 2920 sque
2335 2850 2551 2906 idcirco
2574 2850 2877 2920 scriptoris
2897 2852 3065 2906 fidem
3096 2854 3379 2909 adversus
3399 2854 3821 2909 Terribilinum

2167 2943 2225 2995 et
2254 2939 2302 2994 si
2335 2939 2433 3010 qui
2459 2943 2598 2994 sunt
2614 2939 2708 2994 alii
2735 2942 3001 3010 ejusdem
3026 2942 3483 3015 impugnatores,
3518 2944 3824 2999 sustinen-

2166 3030 2301 3083 dam
2335 3028 2392 3083 in
2427 3046 2534 3084 nos
2564 3030 2902 3101 recipimus.

2238 3118 2438 3188 Neque
2468 3118 2525 3172 in
2560 3134 2626 3173 eo
2660 3136 3014 3190 magnopere
3047 3122 3219 3177 nobis
3253 3122 3725 3189 allaborandum,
3751 3140 3821 3178 ex

2168 3223 2285 3278 quo
2313 3210 2625 3278 utramque
2656 3207 2807 3261 hanc
2837 3213 3099 3279 spartam
3132 3227 3412 3266 ornavere
3457 3212 3818 3281 Holstenius,

414 3312 505 3363 cto
532 3313 700 3363 Petro
732 3308 801 3361 ad
840 3305 1460 3376 Liberium,qui,quod
1479 3305 1546 3358 ad
1565 3303 2060 3375 nomina,patrias
2092 3292 2134 3357 C
2169 3295 2635 3365 Scbeelstt‘atiUS,
2670 3298 2990 3367 Seniorque
3018 3299 3398 3365 Blanchinus,
3430 3302 3647 3356 summi
3681 3318 3819 3372 pro-

409 3404 581 3469 atque
612 3415 795 3454 annos
838 3398 1214 3470 pontificatus
1246 3414 1445 3452 eorum
1478 3401 1725 3468 spectat,
1765 3413 1833 3451 ex
1864 3400 2053 3450 vetere

407 3489 1215 3562 omniumquefantiquissimo
1239 3488 1631 3543 Romanorum
1659 3487 2056 3559 praisulumca

408 3580 601 3652 talogo
628 3579 867 3635 omnino
893 3580 1242 3650 desumptus
1265 3582 1374 3634 est.
1401 3578 1501 3633 Hic
1517 3582 1709 3633 autem
1731 3578 2053 3647 catalogus,

410 3671 564 3741 quod
589 3670 851 3724 omnium
882 3668 1108 3738 primus
1132 3684 1261 3722 eum
1283 3668 1543 3739 /Egidius
1566 3665 2058 3722 Bucheriusevul-

408 3758 627 3831 gaverit
675 3758 772 3829 (ὁ),
808 3757 935 3812 aliis
988 3757 1385 3825 Bucherianus,
1419 3756 1551 3811 aliis
1603 3757 1898 3829 Catalogus
1954 3755 2057 3811 sub

410 3848 644 3914 Liberio,
669 3852 770 3902 aut
799 3850 1015 3914 primus
1046 3846 1314 3902 absolute
1345 3847 1530 3901 audit.
1570 3848 1643 3900 De
1667 3848 1793 3916 ejus
1816 3851 2059 3901 auctore

413 3955 524 3993 non
550 3942 641 3993 est
665 3938 811 3992 satis
834 3937 1119 3991 hactenus
1142 3935 1523 4007 exploratum.
1552 3934 1847 4001 Nonnulli,
1870 3951 2060 4006 quan-

412 4032 508 4083 tus
531 4030 579 4083 is
597 4032 707 4095 est,
731 4029 975 4082 Damaso
1002 4025 1331 4080 attribuunt
1352 4027 1444 4095 (e),
1472 4040 1606 4095 pars
1627 4026 1904 4078 Anterum
1923 4041 2060 4093 quo-

412 4134 524 4188 que
542 4133 748 4189 papam
779 4116 964 4171 eidem
984 4114 1344 4169 conficiendo
1360 4112 1931 4168 allaborassevolunt
1950 4113 2059 4183 (d);

411 4224 482 4262 ex
511 4207 603 4260 his
632 4212 821 4260 tamen
848 4223 975 4277 qua}
1008 4203 1642 4259 Scheelstratiusaﬂ‘ert
1662 4204 1734 4274 (e)
1758 4202 2058 4257 verosimi-

413 4296 528 4351 lius
562 4295 809 4349 arbitror
855 4310 1206 4365 anonymam
1241 4295 1369 4363 ejus
1401 4297 1693 4347 auctorem
1745 4290 1925 4347 fuisse
1956 4292 2058 4363 qui

415 4383 525 4438 sub
556 4383 782 4437 Liberio
814 4382 1041 4449 vixerit,
1074 4382 1127 4435 id
1165 4388 1273 4445 est,
1323 4398 1453 4435 cum
1489 4382 1741 4453 primum
1779 4382 2061 4437 inclinare

411 4472 587 4543 ccepit
618 4471 893 4525 saeculum
928 4487 983 4523 ιν
1017 4488 1047 4523 a
1081 4470 1293 4524 Christi
1332 4471 1650 4525 nativitate.

485 4560 794 4615 Secundus
828 4557 1189 4613 Pontificalis
1230 4558 1525 4612 Anastasii
1554 4559 1685 4613 libri
1719 4564 1937 4615 tractus
1968 4577 2060 4616 se-

412 4650 557 4705 riem
592 4654 990 4704 Romanorum
1042 4649 1358 4718 praesulum
1395 4647 1629 4703 exhibet
1660 4666 1691 4701 a
1725 4650 1952 4705 Liberio
1986 4652 2055 4705 ad
2091 4670 2137 4733 Ι)

407 4739 655 4796 Felicem
691 4738 789 4793 IV.
830 4739 902 4793 Ea
935 4753 1069 4790 vero
1104 4737 1345 4790 totidem
1394 4737 1511 4791 tere
1541 4737 1732 4791 verbis
1764 4740 2057 4810 descripta

407 4833 497 4885 est
517 4846 585 4883 ex
614 4827 726 4882 alio
751 4826 1090 4898 pontificum
1116 4824 1538 4895 catalogo,qui.
1564 4828 1715 4895 quod
1739 4827 1846 4881 sub
1873 4828 2056 4883 Felice

406 4919 473 4974 IV
508 4919 697 4989 priore
721 4916 945 4973 scilicet
976 4913 1173 4969 saeculi
1205 4931 1259 4968 vr
1286 4914 1762 4969 triaconteteride
1789 4926 2052 4985 exeunte,

473 5044 553 5114 (a)
590 5045 647 5099 In
682 5043 884 5114 hymn.
921 5040 1109 5095 sancti
1143 5038 1416 5114 AVincent.
1452 5044 1617 5095 Mart.
1670 5042 1894 5112 streph.
1932 5044 2033 5097 115

403 5111 637 5170 Similia
668 5111 803 5169 item
840 5114 992 5185 apud
1032 5111 1268 5167 Latinos
1299 5111 1481 5183 legas.
1517 5114 1773 5179 Terent.,
1801 5111 2051 5187 Hecyra,

408 5187 633 5258 prolog.
662 5204 675 5242 :

559 5276 611 5338 Si
650 5288 923 5338 nunquam
957 5286 1117 5322 avare
1148 5271 1308 5322 statui
1340 5272 1570 5336 pretium
1594 5274 1693 5323 arti
1739 5288 1909 5326 meta.

560 5337 729 5386 Sinite
760 5337 1048 5399 impetrare
1081 5350 1185 5384 me.

476 5419 613 5473 Item
647 5417 704 5471 in
751 5417 1244 5481 Heautontimor.,
1291 5415 1598 5485 prolog.,et
1648 5417 1809 5475 alibi.
1849 5422 1965 5474 imo
1999 5424 2055 5475 et

405 5491 561 5561 apud
594 5488 842 5557 Graecos,
878 5489 1132 5555 Romen,
1165 5484 1337 5541 Ἰλιάδ
1375 5494 1439 5556 Α,
1462 5484 1589 5549 λθ⁰ε

618 5620 629 5631 .
676 5620 688 5632 .
737 5619 761 5652 ._
795 5619 819 5652 ._
854 5574 1077 5652 ,εἷ’ποςῑὲ
1105 5597 1190 5630 τοι
1226 5575 1467 5650 χαρίεντ’
1502 5576 1587 5630 ἐπὶ
1618 5578 1746 5652 mea
1781 5575 1945 5652 ἔρεψα

616 5649 687 5722 ’Ἡ
720 5645 763 5700 εἰ
797 5644 863 5716 δή
895 5646 1027 5701 ποτέ
1054 5668 1139 5722 τοι
1170 5644 1498 5703 κάξὶίπίονα
1533 5644 1726 5722 μηρῖνέ
1755 5644 1847 5718 nat,

618 5720 838 5777 Τίσειαν
875 5718 1067 5773 Δαναοί

476 5815 545 5869 Et
576 5811 714 5869 alibi
748 5810 984 5883 saepius.

2167 3384 2313 3440 tecto
2325 3383 2717 3455 viri,quorum
2740 3392 3042 3459 propterea
3064 3390 3408 3444 testimonia
3426 3391 3629 3445 ordine
3648 3392 3821 3446 siste-

2167 3491 2318 3529 mus.
2347 3474 2698 3530 Incubuerat
2724 3476 2882 3546 prior
2905 3477 3241 3534 Holstenius
3262 3480 3319 3534 in
3345 3496 3468 3534 eam
3495 3497 3694 3535 curam
3726 3486 3813 3549 ut,

2166 3562 2394 3619 collatis
2411 3563 2705 3620 veteribus
2722 3564 2855 3620 libri
2881 3567 3242 3623 Pontiﬁcalis
3266 3568 3599 3635 Codicibus,
3623 3586 3823 3624 veram

2167 3668 2624 3723 germanamque
2671 3656 2929 3710 auctoris
2957 3654 3207 3710 litteram
3260 3662 3507 3722 erueret,
3557 3659 3711 3728 quod
3768 3664 3833 3713 et

2171 3758 2387 3812 magna
2417 3758 2485 3796 ex
2518 3747 2680 3812 parte
2711 3743 3000 3813 praestitit.
3038 3744 3168 3799 Mox
3209 3746 3689 3811 Scheelstratius,
3724 3763 3825 3801 sc-

2169 3830 2362 3885 cundo
2394 3830 2738 3901 pontificum
2763 3832 3029 3903 catalogo
3060 3839 3233 3904 atque
3256 3834 3547 3890 Anastasii
3582 3834 3729 3889 libro
3749 3839 3825 3891 ad

2169 3920 2451 3974 trutinam
2470 3921 2838 3975 exactissime
2855 3922 3158 3992 revocatis,
3176 3922 3497 3993 rivulisque
3510 3924 3832 3979 adfontium

2171 4009 2362 4078 capita
2392 4008 2715 4063 continenti
2739 4010 2935 4064 studio
2968 4011 3245 4075 reductis,
3280 4011 3388 4065 hoc
3421 4013 3491 4065 de
3526 4012 3826 4068 Feliciano

2171 4094 2450 4162 catalogo,
2482 4096 2727 4167 ejusque
2758 4098 3300 4168 auctorejudicium
3322 4100 3607 4170 protulit:
3652 4104 3726 4155 Ac
3756 4102 3830 4157 de

2170 4187 2397 4239 nomine
2438 4186 2685 4241 auctoris
2717 4187 3141 4257 (Scheelstratii
3176 4189 3249 4259 (g)
3279 4189 3452 4243 verba
3479 4195 3637 4256 sunt)
3670 4192 3821 4246 nihil

2170 4274 2313 4330 mihi
2361 4278 2694 4345 compertum
2724 4286 2824 4346 est,
2859 4294 2984 4331 cum
3026 4278 3303 4347 catalogus
3332 4279 3564 4349 scriptus
3614 4284 3687 4333 sit
3717 4296 3833 4337 sx-

2169 4364 2373 4429 culow,
2402 4382 2505 4435 quo
2525 4381 2725 4420 nemoe
2745 4368 3023 4421 celeribus
3045 4371 3177 4421 Acta
3200 4370 3571 4422 Romanorum
3596 4371 3827 4439 pontiﬁ-

2168 4470 2292 4507 cum
2321 4455 2604 4523 collegisse
2637 4464 2991 4511 memoratur.
3028 4458 3312 4523 Quantum
3342 4462 3527 4512 tamen
3556 4474 3629 4511 ea:
3678 4460 3830 4513 Actis

2168 4544 2305 4613 ipsis
2335 4545 2532 4617 colligi
2560 4544 2800 4613 videtur,
2832 4554 3032 4601 auctor
3064 4547 3237 4601 Ranae
3268 4548 3457 4615 ﬂoruit
3487 4556 3540 4601 ct
3590 4550 3828 4604 archiva

2172 4634 2461 4704 aposlolico
2502 4638 2691 4700 forsan
2720 4640 3052 4707 przeliositus
3099 4639 3230 4706 fuit.
3268 4637 3418 4705 Quod
3447 4638 3597 4692 enim
3634 4646 3827 4695 auctor

2168 4724 2349 4778 Romae
2395 4726 2695 4796 scripserit,
2730 4726 2937 4781 indicat
2968 4743 3167 4796 magna
3197 4744 3385 4781 rerum
3429 4728 3586 4783 Urbis
3618 4738 3670 4783 et
3699 4732 3827 4798 agri

2166 4813 2408 4868 Romani
2431 4815 2631 4870 notitia
2662 4832 2826 4886 quam
2861 4816 3074 4870 habuit.
3096 4817 3293 4871 Omnia
3314 4820 3624 4873 cmmeleria
3653 4819 3820 4874 etiam

2166 4917 2329 4972 quam
2348 4904 2667 4973 longissime
2685 4905 2752 4958 ab
2777 4904 2913 4961 Urbe
2933 4904 3151 4971 dissita,
3177 4908 3367 4960 omnia
3383 4908 3634 4977 sepulcra
3655 4925 3814 4964 mar-

2236 5029 2306 5155 (ἐν)
2330 5031 2646 5155 gggcomm.
2674 5034 2810 5085 Can.
2838 5030 3041 5102 pasch.
3066 5031 3329 5097 Victorii,
3349 5034 3633 5105 Autuerp.
3660 5035 3818 5105 1635,

2208 5120 2240 5158 a
2288 5145 2298 5157 .
2330 5118 2457 5157 ἴου.

2164 5121 2201 5176 p
2237 5118 2308 5245 (ge)
2344 5174 2586 5230 Panvin.
2623 5174 2679 5228 in
2707 5190 2923 5229 comm.
2951 5173 3082 5228 libri
3117 5192 3155 5229 ιι
3180 5178 3383 5229 Faster
3410 5193 3423 5241 ;
3455 5179 3733 5232 Sarazan.
3768 5180 3820 5232 in

2164 5247 2740 5318 not._adepigramm.
2762 5246 3002 5301 Damasi
3025 5264 3102 5309 Ix,
3119 5263 3212 5318 ap.
3234 5247 3516 5311 Merend.,
3535 5264 3663 5318 pag.
3691 5252 3818 5307 2:19.

2236 5316 2313 5389 (d)
2343 5316 2762 5391 Henschenius,
2787 5322 2930 5371 tom.
2967 5322 2984 5370 Ι
3022 5316 3235 5389 April.,
3269 5319 3325 5373 in
3361 5316 3679 5391 prolegom.
3717 5339 3821 5377 an-

2163 5394 2219 5445 te
2242 5388 2540 5459 eatalogos
2574 5390 2741 5444 Rom.
2772 5394 2933 5459 pont.

2236 5462 2307 5531 (e)
2336 5461 2574 5536 C‘issert.
2608 5462 2679 5517 de
2709 5462 2894 5531 antiq.
2922 5460 3091 5515 Rom.
3130 5466 3290 5531 poni.
3316 5462 3587 5533 catalog.,
3611 5480 3739 5536 cap.
3766 5466 3815 5519 2.

2162 5533 2500 5673 “(rii'sigdd
2533 5603 2934 5673 Scheelstrat.,
2966 5603 3209 5658 Dissert.
3250 5603 3321 5658 de
3352 5604 3600 5676 catalog.
3637 5606 3802 5663 Rom.

2164 5681 2349 5746 pont.,
2384 5692 2507 5745 cap.
2542 5676 2597 5742 7,
2630 5693 2795 5730 num.
2824 5676 2877 5729 7.

2160 5818 2196 5869 5
2232 5746 2581 5873 (ἕξιὲῑεείεέιει.
2632 5748 2703 5803 de
2733 5746 2920 5819 antiq.
2956 5746 3123 5802 Rom.
3160 5750 3321 5819 pont.
3372 5747 3646 5819 catalog.,
3680 5765 3803 5820 cap.

2203 5859 2218 5887 ,
2400 5859 2413 5873 .
2520 5861 2532 5873 .
