4156 6328
315 391 431 446 545

1250 395 1727 451 DIBSERTATIO
1764 397 1860 448 DE
1896 393 2192 448 DAMASO
2226 395 2321 450 ΒΤ
2358 397 2792 455 LAURENTIO.

3634 406 3743 459 546

322 526 517 589 lyram
546 519 716 572 etiam
745 516 803 571 in
835 519 1045 591 cryptis
1063 528 1113 576 et
1129 523 1378 576 cavernis
1402 521 1794 592 posita,omnes
1809 523 1975 577 eccle-
2008 525 2057 590 Α
2090 527 2189 573 aut
2218 520 2621 576 emblematice
2651 523 2905 594 expressi
2936 523 3301 580 continentur
3327 550 3341 592 ;
3395 542 3637 596 prorsus
3672 534 3740 584 ut

326 610 439 663 sias
453 608 769 676 etregiones
795 608 970 677 Urbis,
994 624 1182 665 omnes
1198 610 1467 682 reliquias
1497 622 1551 667 et
1569 612 1779 683 titulos,
1798 628 1982 668 omnes

322 697 445 753 vias
475 700 805 769 viarumque
833 700 1155 771 distantias,
1178 710 1375 757 caetera
1399 701 1621 758 demum
1650 704 1837 758 omnia
1864 719 1981 774 per-

323 800 515 856 specta
544 789 758 843 habuit.
794 789 942 856 Quod
972 798 1153 845 autem
1186 791 1409 846 archiva
1451 792 1746 862 apostolico
1786 793 1979 861 forsan

319 879 619 947 praefectus
630 878 803 947 fuerit
818 878 1016 934 deduci
1029 880 1415 935 videturexhis
1427 896 1552 952 quae
1563 881 1719 937 habet
1731 880 1797 935 de
1810 883 1980 935 Leone

320 967 517 1037 Magno
549 985 562 1022 :
603 990 631 1016 ‹‹
665 969 762 1022 Hic
807 970 938 1039 fecit
982 968 1237 1040 epistolas
1268 969 1479 1026 multas
1507 987 1790 1042 exponens
1820 972 1981 1041 fidem

318 1055 653 1110 catholicam
673 1065 1033 1126 rectam,qu££
1045 1056 1208 1111 hodie
1217 1058 1440 1112 archiva
1454 1057 1707 1113 Ecclesiae
1724 1059 1981 1114 Romana:

324 1150 621 1212 tenentur;
662 1164 683 1192 ι
702 1151 757 1199 et
779 1162 852 1200 ex
872 1147 1017 1200 Actis
1043 1146 1351 1203 Ilormisdae
1366 1148 1523 1217 cujus
1549 1147 1775 1203 libellus
1796 1148 1980 1203 eodem

318 1236 547 1290 archiva
573 1235 882 1291 reconditus
912 1240 1146 1291 tenetur.
1174 1238 1448 1305 Quomodo
1478 1240 1627 1293 enim
1657 1242 1848 1294 auctor
1877 1240 1976 1293 Ro-

318 1342 555 1380 manum
576 1324 864 1381 archivum
887 1327 1193 1396 citasset,ni
1214 1327 1354 1381 illud
1373 1326 1595 1383 vidisset
1610 1328 1769 1399 eique
1787 1332 1979 1399 forsan

312 1416 651 1485 prmposz’tus
698 1414 935 1483 luisset?
974 1414 1087 1469 Illa
1144 1432 1276 1471 sane
1331 1432 1456 1488 quae
1511 1417 1576 1472 de
1632 1418 1979 1488 singulorum

316 1504 646 1572 pontiﬁcum
671 1503 922 1573 decretis,
958 1503 1021 1558 de
1052 1521 1240 1560 eorum
1268 1508 1456 1576 gestis,
1490 1506 1556 1561 de
1582 1508 1973 1578 episcOporum,

318 1591 766 1662 presbyterorum
796 1599 846 1646 et
895 1592 1251 1649 diaconorum
1293 1594 1734 1651 ordinationibus
1782 1595 1979 1666 ubique

324 1680 593 1748 afﬁrmat,
623 1681 771 1736 clare
801 1680 1054 1738 indicant
1081 1689 1359 1739 auctorem
1409 1686 1598 1739 omnia
1644 1699 1714 1739 ex
1759 1683 1979 1755 regestis

327 1769 542 1825 archivi
567 1770 944 1842 desumpsisse.

398 1858 595 1930 Neque
609 1860 702 1915 his
715 1866 1024 1917 contentus
1040 1862 1397 1917 Blanchinus
1420 1862 1974 1934 Senior(a)improbo

323 1965 467 2003 sane
499 1948 698 2005 labore
727 1950 1038 2022 quaesitum
1077 1951 1322 2007 ulterius
1373 1952 1559 2023 pergit
1590 1968 1601 2007 :
1638 1970 1765 2024 quea
1813 1958 1973 2022 tunc,

320 2054 455 2093 cum
489 2038 539 2094 is
572 2040 643 2095 de
674 2057 788 2111 quo
820 2040 1118 2112 loquimur
1149 2042 1473 2098 Felicianus
1504 2043 1805 2115 catalogus
1839 2060 1972 2097 con-

322 2128 586 2200 scriptus
619 2129 874 2201 primum
915 2130 1042 2201 fuit,
1077 2131 1424 2203 superstites
1474 2131 1531 2186 in
1584 2132 1732 2188 Urbe
1782 2137 1979 2188 essent

320 2217 667 2290 pontiﬁcum
685 2220 1080 2275 Romanorum
1098 2221 1465 2291 tabulamque:
1482 2238 1673 2277 rerum
1691 2222 1763 2276 ab
1778 2221 1978 2277 iisdem

322 2313 627 2379 gestarum
682 2309 1026 2381 anaglypha,
1061 2314 1435 2381 veterumque
1463 2312 1534 2367 de
1565 2312 1766 2366 eodem
1800 2328 1975 2382 argu-

326 2402 525 2453 mento
548 2397 901 2470 scriptorum
922 2400 1360 2467 commentaria,
1386 2417 1453 2455 ex
1475 2400 1690 2472 quibus
1707 2402 1974 2457 Vitarum

320 2487 753 2557 pontiﬁcalium
815 2489 995 2543 series
1027 2506 1060 2543 a
1090 2489 1259 2544 Petro
1304 2489 1374 2543 ad
1428 2489 1677 2546 Felicem
1726 2491 1816 2555 IV,
1860 2508 1973 2546 non

323 2576 548 2631 interru
561 2584 655 2646 pto
671 2577 927 2632 historiae
944 2578 1230 2650 ﬁlio,perd
1243 2578 1330 2633 uci
1355 2585 1573 2649 posset;
1597 2597 1829 2635 rursum
1847 2598 1973 2652 quae

316 2665 375 2718 in
406 2666 619 2736 priscis
651 2667 913 2722 ecclesiis
945 2675 1001 2723 et
1030 2670 1400 2737 cmmeteriis,
1434 2668 1681 2740 lapideis
1730 2670 1971 2737 tabulis,

316 2771 469 2825 quas
504 2772 536 2809 a
568 2756 756 2826 ﬁgura
793 2757 1068 2827 platanias
1100 2757 1173 2828 (b)
1206 2757 1598 2829 appellabant,
1631 2758 1817 2814 incisa
1850 2764 1969 2814 tum

317 2847 513 2899 forent
545 2845 1093 2916 antiquissimorum
1125 2847 1468 2917 pontificum
1503 2854 1681 2916 Acta;
1734 2865 1863 2920 qua;
1912 2851 1970 2904 in

316 2935 584 3005 ipsorum
609 2935 893 3006 sepulcris
915 2936 1535 3009 epigrammata,queis
1561 2939 1970 3008 patrias,utﬁt,

321 3023 734 3095 praecipueque
784 3041 987 3080 eorum
1048 3032 1232 3097 gesta,
1266 3028 1598 3083 sanctiones
1629 3029 1761 3084 item
1798 3034 1973 3100 atque

318 3114 722 3168 ordinationes
753 3114 1183 3171 ecclesiasticas
1215 3134 1520 3187 expressas
1552 3118 1733 3173 fuisse
1760 3119 1975 3173 verosi-

317 3200 573 3256 millimu
586 3219 639 3256 m
655 3207 762 3271 est;
780 3219 906 3274 quae
922 3204 1154 3259 tandem
1174 3209 1551 3277 superessent
1564 3204 1972 3263 ecclesiasticae

2093 608 2675 680 quicunquetandem
2709 609 2806 666 ille
2837 611 3009 667 fuerit
3039 613 3278 668 secundi
3311 612 3556 685 catalogi
3590 618 3741 673 scri-

2093 700 2242 768 ptor,
2262 698 2415 753 exiis
2430 716 2556 770 quae
2569 699 2756 771 ipsius
2769 718 2887 756 aevo
2902 709 3241 773 supererant
3262 702 3589 775 archetypis
3614 723 3735 761 mo-

2092 788 2391 843 numentis
2423 805 2534 843 non
2569 790 2955 861 interruptam
2983 790 3403 861 pontiﬁcalium
3437 800 3734 863 gestorum

2091 876 2304 932 seriem
2337 883 2591 933 attexere
2623 879 2776 934 facili
2831 882 3059 952 negotio
3111 882 3402 952 potuerit;
3456 884 3573 937 imo
3622 886 3736 941 nisi

2091 965 2293 1021 oculos
2344 967 2416 1022 ab
2470 968 2658 1022 ubivis
2692 970 2882 1023 ltomre
2914 971 3321 1041 prostantibus
3350 972 3563 1027 tabulis
3596 990 3734 1029 con-

2090 1054 2245 1110 sulto
2269 1060 2522 1111 avertere
2543 1056 2735 1122 vellet,
2763 1074 2833 1113 ne
2856 1058 3039 1113 latum
3072 1059 3303 1130 quidem
3340 1077 3594 1131 unguem
3630 1063 3736 1117 ali-

2091 1144 2223 1198 cubi
2255 1162 2286 1198 a
2316 1146 2557 1201 veritate
2585 1147 2831 1203 deviare.
2861 1151 3040 1219 Atque
3071 1149 3354 1204 hactenus
3386 1151 3456 1204 de
3487 1154 3732 1208 secundi

2090 1233 2435 1304 pontiﬁcum
2468 1235 2716 1306 catalogi
2747 1238 3110 1293 auctoritate.

2160 1325 2319 1388 Quod
2345 1326 2414 1379 ad
2440 1325 2814 1381 Anastasium
2846 1328 3074 1397 attinet,
3099 1327 3298 1384 missis
3321 1346 3447 1400 quae
3470 1330 3733 1386 Guilliel-

2089 1428 2221 1467 mus
2236 1413 3733 1485 Bibliothecarius,'l‘hrithemius,Platina,Baronius,

2088 1500 2303 1574 aliique
2327 1505 2679 1571 auctores,in
2696 1507 2823 1576 ejus
2845 1506 3409 1562 commendationem
3428 1508 3734 1579 scripsere,

2087 1590 2157 1645 de
2189 1592 2405 1663 quibus
2437 1592 2726 1649 videndus
2760 1595 2965 1650 Senior
2996 1594 3355 1650 Blanchinus
3386 1596 3477 1666 (ε),
3503 1596 3734 1653 Scheel-

2086 1682 2360 1736 stratium
2416 1681 2617 1738 itidem
2658 1683 2880 1754 judicio
2914 1686 3167 1755 praedem
3202 1685 3471 1741 sistimus
3503 1686 3601 1758 (d),
3635 1687 3736 1758 qui

2088 1768 2278 1839 primo
2304 1770 2447 1825 satis
2470 1788 2765 1843 superque
2787 1773 3042 1827 ostendit
3063 1778 3359 1829 auctorem
3389 1774 3519 1830 libri
3538 1775 3738 1831 Ponti-

2088 1856 2272 1913 ﬁcalis
2293 1862 2606 1916 Anastasio
2629 1861 2916 1929 attributi,
2942 1866 3003 1915 ut
3034 1862 3187 1917 Vitas
3219 1868 3504 1935 gestaque
3525 1868 3737 1920 Roma-

2088 1963 2296 2001 norum
2348 1948 2723 2019 praasuluma
2755 1950 2922 2004 Petro
2968 1951 3229 2021 apostolo
3275 1952 3344 2006 ad
3394 1952 3735 2008 Zachariam

2086 2033 2369 2090 scriberet
2398 2038 2570 2109 (quos
2602 2037 2753 2093 inter
2790 2038 3080 2094 Damasus
3130 2044 3329 2095 noster
3376 2043 3737 2113 recensetur)

2086 2125 2407 2181 secundum
2443 2126 2785 2198 pontiﬁcum
2818 2126 3258 2198 catalogum,de
3285 2130 3456 2200 cujus
3489 2131 3739 2186 auctori-

2086 2216 2204 2269 tate
2236 2231 2423 2286 nuper
2452 2215 2705 2287 egimus,
2739 2216 2808 2271 ad
2839 2232 3081 2271 manum
3113 2217 3412 2287 habuisse,
3447 2236 3632 2290 eoque
3663 2220 3734 2274 ad

2086 2304 2293 2358 seriem
2310 2304 2543 2360 illorum
2561 2306 2928 2361 attexendam
2954 2307 3194 2361 omnino
3212 2309 3741 2379 usum,utproinde

2085 2394 2287 2448 eadem
2321 2393 2378 2448 in
2412 2394 2520 2449 hac
2546 2400 2707 2465 parte
2734 2396 3057 2466 Anastasio,
3083 2412 3149 2451 ac
3179 2396 3466 2451 Feliciano
3499 2398 3735 2467 pontiﬁ-

2086 2498 2219 2537 cum
2255 2483 2535 2555 catalogo,
2564 2484 2708 2539 ﬁdes
2742 2484 3066 2540 necessario
3100 2485 3432 2541 adhibenda
3462 2487 3555 2541 sit.

2155 2575 2284 2627 Mox
2315 2577 2508 2628 autem
2541 2590 2675 2627 cum
2708 2574 2863 2628 idem
2897 2578 3104 2629 auctor
3124 2591 3296 2628 suum
3322 2576 3391 2629 de
3415 2575 3736 2645 posteriore

2085 2659 2217 2715 libri
2251 2662 2605 2716 Pontiﬁcalis
2648 2668 2829 2733 parte,
2865 2663 3025 2718 Vitas
3074 2663 3298 2718 scilicet
3339 2664 3628 2719 Zacharias
3664 2664 3735 2719 ad

2087 2749 2391 2805 Nicolaum
2418 2753 2436 2805 Ι
2461 2751 3111 2820 continente,judicium
3140 2750 3739 2824 protulisset,ipsius-

2088 2855 2199 2910 que
2221 2838 2393 2894 ﬁdem
2426 2856 2800 2911 summopere
2821 2841 3313 2909 commendasset,
3338 2846 3537 2912 utpote
3560 2859 3735 2914 quaee

2087 2928 2434 2999 synchronis
2458 2928 2841 3000 scriptoribus
2865 2945 2933 2982 ex
2954 2928 3217 2998 antiquis
3241 2929 3506 2984 Ecclesiae
3532 2946 3739 2985 monu-

2088 3016 2293 3072 mentis
2324 3021 2499 3088 atque
2530 3017 2869 3089 apostolicis
2900 3017 3393 3089 chartopbylaciis
3424 3020 3738 3091 desumpta

2088 3107 2282 3177 fuerit,
2328 3106 2516 3178 pergit
2547 3108 2616 3161 de
2647 3107 2837 3178 priore
2885 3107 3147 3177 ejusdem
3193 3108 3549 3163 Pontilicalis
3599 3108 3737 3163 libri

2085 3201 2277 3253 tractu
2293 3198 2352 3252 in
2372 3215 2485 3269 quo
2500 3197 2789 3253 Damasus
2805 3202 3002 3253 noster
3014 3199 3464 3252 estsententiam
3480 3200 3732 3255 subinde

316 3297 680 3347 retroactoru
693 3309 745 3346 m
763 3293 1107 3347 saeculorum
1126 3294 1381 3349 historiae
1397 3301 1779 3352 monumenta
1791 3314 1968 3368 eaque

2089 3302 2256 3341 suam
2306 3303 2592 3359 promere,
2624 3287 2946 3358 inquiens:
2986 3285 3131 3341 Licet
3160 3295 3356 3341 autem
3400 3291 3559 3357 prior
3602 3304 3733 3359 pars

313 3380 704 3453 autographa,
720 3387 817 3453 atq
828 3399 896 3437 ue
910 3383 1053 3438 adeo
1072 3382 1127 3437 in
1144 3389 1341 3454 aperto
1357 3385 1567 3456 posita,
1583 3391 1647 3440 ut
1662 3385 1745 3441 vel
1762 3403 1965 3458 parum

314 3474 543 3525 attento
566 3470 837 3542 scriptori
871 3471 1077 3527 nullibi
1108 3490 1220 3527 non
1255 3478 1453 3529 essent
1482 3475 1712 3529 obviam
1749 3476 1963 3530 futura.

382 3561 615 3624 Quanta
634 3576 768 3615 vero
794 3560 1004 3631 priscis
1030 3560 1146 3615 illis
1169 3564 1531 3632 temporibus
1547 3568 1753 3619 harum
1770 3582 1964 3620 rerum

312 3665 482 3719 seges
506 3648 701 3717 fuerit,
729 3649 894 3704 facile
926 3649 1195 3720 conjiciat
1224 3651 1559 3723 quicunque
1582 3655 1753 3723 paulo
1775 3660 1965 3709 atten-

314 3738 435 3791 tius
459 3738 833 3793 oonsiderare
856 3738 993 3793 velit
1015 3756 1140 3810 quae
1165 3757 1339 3809 nunc,
1366 3746 1496 3811 post
1517 3742 1825 3797 duodecim
1849 3743 1965 3798 sci-

316 3823 455 3879 licet
477 3825 829 3880 saeculorum
865 3825 1117 3896 lapsum,
1137 3836 1457 3897 supersunt
1474 3828 1666 3884 adhuc
1690 3829 1859 3884 nobis
1881 3847 1967 3886 ec-

278 3942 281 3945 -
315 3913 662 3969 clesiasticte
693 3915 1057 3986 antiquitatis
1086 3917 1350 3987 vestigia.
1380 3922 1740 3989 Argumento
1767 3920 1902 3974 item
1936 3938 1969 3976 a

314 4002 505 4058 sacris
531 4004 793 4074 profanis
816 4007 991 4060 ducto
1013 4022 1328 4077 agnoscere
1350 4007 1522 4062 etiam
1546 4009 1829 4064 debemus
1852 4009 1966 4081 pri-

314 4091 432 4147 scis
459 4092 863 4162 pontiﬁcibus,
880 4094 949 4147 ad
966 4095 1376 4150 sustinendam
1401 4102 1576 4168 atque
1599 4098 1966 4170 ampliﬁcan-

310 4181 446 4236 dam
484 4182 703 4237 sumnii
729 4183 1041 4237 sacerdotii
1063 4184 1433 4255 dignitatem,
1460 4203 1573 4241 non
1600 4188 1795 4242 minus
1816 4205 1965 4243 cura:

309 4271 501 4325 fuisse
532 4288 697 4326 sacra
727 4271 1214 4341 Christianorum,
1250 4273 1515 4329 Ecclesiae
1543 4276 1961 4345 ordinationes,

307 4366 460 4426 acta,
500 4360 1388 4432 functionessupremimuneris
1412 4364 1698 4435 prOprias,
1734 4365 1966 4437 aliaque

308 4449 440 4519 ejus
455 4450 689 4521 generis
705 4456 1083 4506 monumenta
1098 4451 1318 4506 chartis
1332 4452 1617 4508 tabulisve
1636 4456 1967 4511 concredita

300 4539 703 4594 Romanorum
720 4540 1032 4611 praesulum
1053 4540 1220 4596 fastis
1233 4540 1301 4595 ad
1313 4546 1511 4597 notare
1525 4558 1701 4614 quam
1717 4544 1965 4599 ethnicis

300 4629 436 4700 ejus
459 4628 563 4683 sevi
586 4630 991 4684 sacerdotibus
1017 4634 1081 4684 ut
1106 4629 1419 4684 numinum
1452 4648 1694 4686 suorum
1715 4634 1963 4701 cultum,
1996 4663 2041 4726 D

300 4719 447 4774 item
484 4722 547 4772 ut
579 4719 873 4791 propriam
901 4719 1249 4789 dignitatem
1300 4719 1581 4777 adversus
1630 4727 1961 4794 temporum

298 4807 589 4878 injuriam
612 4813 939 4863 tuerentur.
965 4808 1183 4863 Horum
1200 4813 1397 4864 autem
1420 4809 1735 4867 maximam
1752 4829 1957 4884 perpe-

295 4900 400 4950 tuo
431 4895 617 4951 fuisse
638 4914 704 4952 ea
726 4896 783 4951 in
806 4914 866 4952 re
889 4896 1278 4969 diligentiam,
1302 4898 1613 4955 innumera
1633 4902 1784 4972 apud
1811 4902 1960 4957 Gru-

297 4989 524 5052 terum,
559 4985 920 5054 Reinesium,
952 4988 1360 5056 Muratorium,
1390 4997 1444 5044 et
1501 4990 1646 5046 alios
1696 4996 1957 5048 veterum

295 5074 765 5146 inscriptionum
816 5076 1177 5143 collectores,
1210 5078 1638 5150 epigrammata
1687 5081 1755 5135 ad
1808 5081 1958 5137 hanc

296 5163 461 5219 diem
482 5164 949 5236 exstantia,satis
971 5167 1380 5233 ostendunt,in
1403 5167 1620 5239 quibus
1646 5168 1955 5225 flaminum

296 5252 841 5323 Dialium,fratrum
866 5255 1955 5329 Arvalium,Isidis,Serapidis,Mithrza,

294 5349 472 5414 atque
485 5342 739 5400 aliorum
756 5346 961 5417 prisca:
976 5345 1414 5417 superstitionis
1429 5347 1957 5421 sacerdotum,mu-

299 5447 468 5504 nera,
491 5432 861 5506 deorumque
891 5434 1088 5492 cultus
1109 5451 1176 5491 ac
1199 5434 1348 5491 ritus
1378 5435 1656 5507 pracipui
1674 5438 1956 5511 graphice

368 5584 453 5655 (a)
489 5585 711 5641 Prmfat.
749 5590 891 5642 tom.
926 5587 944 5641 Ι
977 5586 1289 5648 Anastasii,
1324 5604 1357 5642 a
1388 5603 1552 5641 num.
1589 5589 1675 5643 17.

363 5656 442 5738 (b)
462 5658 666 5738 Idnest,
683 5658 1069 5738 alatitudine;
1099 5657 1309 5738 πλᾳτρς
1330 5658 1751 5738 etenim/(ltum
1772 5664 1951 5738 signi-

300 5726 457 5800 ﬁcat.
494 5728 742 5800 Hispani
772 5731 1104 5786 diceremus
1161 5730 1635 5799 Valdosas.‘Alias
1686 5726 1954 5795 Platdnix

294 5798 646 5857 Cassiodoro
666 5801 791 5873 (lib.
809 5817 872 5859 ιιι
892 5800 1132 5875 epist.9)
1152 5802 1441 5881 columque
1466 5798 1764 5862 dicuntur.
1801 5810 1951 5867 Con-

2077 3376 2457 3443 (Pontiﬁcalis
2488 3376 2712 3431 scilicet
2742 3375 2899 3446 libri)
2930 3392 3043 3429 non
3082 3377 3388 3446 conscripta
3418 3376 3493 3430 sit
3523 3377 3597 3432 ab
3628 3395 3731 3433 au-

2076 3465 2754 3537 ctoribussynchronis,sx
2770 3482 3023 3526 ANTIQUIS
3035 3481 3219 3520 TAMEN
3238 3464 3501 3520 Romamn
3520 3466 3725 3521 Eccam-

2078 3571 2182 3611 sus
2212 3574 2588 3612 MONUMENTIS
2638 3574 2878 3612 mansa
2925 3573 3278 3611 CONCINNATA
3326 3574 3474 3625 rurr,
3506 3558 3638 3613 adeo
3670 3566 3731 3613 ut

2072 3662 2173 3716 pro
2199 3646 2580 3701 discernendis
2619 3649 2883 3702 Romanae
2912 3646 3164 3701 Ecclesia:
3198 3646 3419 3711 ritibus,
3451 3663 3550 3717 pro
3576 3648 3729 3714 eius-

2076 3735 2200 3789 dem
2248 3735 2547 3806 discipliaa
2575 3740 2627 3789 et
2659 3735 3002 3804 dogmatibus
3051 3736 3435 3802 cognoscendis
3466 3736 3555 3791 hic
3586 3736 3730 3791 liber

2076 3826 2271 3879 merito
2281 3824 2843 3895 allegaripossit,cum
2859 3841 2929 3878 ex
2951 3840 3016 3877 eo
3037 3823 3233 3878 horum
3255 3828 3503 3878 omnium
3524 3826 3726 3881 notitia

2077 3924 2327 3969 eruatur.
2363 3914 2455 3971 Sic
2481 3917 2631 3969 enim
2659 3914 2724 3969 de
2754 3913 2958 3968 ritibus
2982 3914 3247 3982 sacriﬁcii
3274 3915 3371 3983 qui
3390 3914 3509 3983 jam
3537 3916 3668 3969 inde
3694 3933 3727 3971 a

2072 4005 2275 4075 primis
2296 4004 2631 4075 temporibus
2650 4006 2927 4075 caeperunt
2946 4020 2967 4064 ;
2988 4005 3039 4057 si
3057 4002 3123 4057 de
3140 4002 3592 4058 ordinationibus
3610 4007 3725 4075 epi-

2074 4109 2365 4165 scoporum
2393 4099 2447 4148 et
2478 4093 2771 4164 inferioris
2799 4093 2955 4159 cleri,
2988 4108 3281 4162 eorumque
3309 4092 3551 4161 muniis;
3582 4093 3633 4148 si
3659 4094 3725 4149 de

2074 4184 2331 4254 reliquiis
2385 4192 2717 4255 martyrum,
2766 4182 2830 4237 de
2874 4181 3216 4237 invocatione
3269 4192 3612 4250 sanctorum,
3658 4184 3725 4239 de

2073 4272 2729 4343 psalmisetorationibus
2748 4273 2813 4326 ab
2828 4272 3063 4326 Ecclesia
3088 4271 3325 4327 recitari
3343 4272 3552 4334 solitis;
3582 4272 3633 4327 si
3661 4273 3727 4328 de

2074 4364 2230 4417 varia
2259 4362 2533 4434 pontiﬁcis
2558 4363 2853 4422 electione;
2880 4360 2930 4415 si
2950 4361 3018 4416 de
3036 4363 3306 4417 sexcentis
3328 4361 3459 4416 aliis
3481 4362 3724 4433 discipli-

2075 4468 2163 4505 na:
2188 4458 2241 4506 et
2269 4454 2591 4521 dogmatum
2632 4449 3130 4507 ecclesiasticarum
3162 4450 3436 4522 capitibus
3465 4469 3719 4523 agamus,

2074 4542 2409 4612 reperiemus
2426 4543 2668 4613 profecto
2682 4541 2739 4595 in
2755 4541 3006 4596 hoclibro
3029 4540 3343 4609 Pontiﬁcali
3356 4542 3499 4596 unde
3510 4543 3725 4597 cunctis

2075 4630 2346 4699 satisﬁat,
2359 4634 2617 4702 etquibus
2629 4631 2802 4687 modis
2819 4631 3071 4687 Ecclesia:
3084 4632 3253 4701 regim
3264 4640 3459 4685 enocte
3471 4632 3722 4701 priorum

2071 4721 2397 4777 saeculorum
2426 4725 2603 4793 spatio
2634 4721 2884 4778 constitit
2926 4723 3093 4793 [acile
3134 4720 3525 4793 conﬁciemus;
3552 4722 3632 4778 ita
3663 4726 3720 4778 ut

2071 4809 2171 4865 vix
2188 4812 2361 4865 sciam
2386 4810 2724 4879 (concludit)
2746 4829 2817 4866 an
2843 4814 2901 4865 in
2922 4816 3035 4866 tota
3056 4810 3390 4881 antiquitate
3409 4826 3540 4882 opus
3564 4811 3720 4866 aliud

2068 4903 2385 4971 reperiatur
2428 4916 2497 4955 ex
2544 4916 2646 4973 quo
2673 4905 2797 4956 tam
2826 4901 3005 4955 multa
3032 4916 3095 4954 ac
3123 4916 3193 4956 ex
3223 4900 3365 4955 libro
3395 4900 3719 4970 Pontiﬁcali

2067 4990 2286 5044 addisci
2310 4992 2540 5061 possint.

2142 5078 2491 5135 Necminore
2516 5078 2573 5133 in
2596 5079 2781 5149 pretio
2801 5078 3083 5134 aSeniore
3106 5077 3424 5133 Blanchino
3443 5078 3710 5137 habitum

2068 5168 2249 5223 fuisse
2282 5167 2678 5223 Pontiﬁcalem
2714 5168 2953 5233 librum,
2977 5165 3516 5222 luculentissimum
3551 5170 3713 5239 ejus-

2066 5257 2197 5311 dem
2232 5256 2288 5311 in
2322 5257 2659 5329 prmfatione
2683 5262 2824 5312 tom.
2851 5260 2871 5311 Ι
2895 5255 3189 5311 Anastasii
3214 5254 3285 5325 (e)
3309 5256 3710 5315 testimonium

2065 5346 2349 5414 ostendit;
2374 5363 2407 5401 a
2428 5364 2543 5418 quo
2566 5351 2844 5419 praeterea
2873 5346 3242 5401 observatum
3264 5344 3486 5402 scimus
3508 5365 3713 5420 super-

2066 5436 2232 5493 stites
2246 5435 2532 5492 hactenus
2547 5436 2739 5492 Romae
2755 5440 2810 5492 et
2829 5436 2887 5490 in
2906 5434 3264 5491 suburbanis
3281 5436 3711 5494 Pontiﬁcalium

2067 5596 2192 5653 sule
2217 5597 2390 5652 Henr.
2424 5597 2728 5668 Stephan.,
2759 5597 2815 5651 in
2850 5613 2914 5651 ea
2945 5613 3102 5652 voce.

2137 5671 2205 5741 (ε)
2232 5670 2448 5739 Proleg.
2473 5674 2633 5724 Tom.
2665 5672 2679 5722 Ι
2706 5672 2974 5723 Anastas.
3000 5669 3301 5735 Biblioth.,
3328 5675 3460 5741 post
3481 5671 3709 5725 Praelat.

2136 5744 2213 5815 (d)
2249 5742 2396 5797 Diss.
2432 5744 2503 5797 de
2533 5747 2651 5815 ant.
2676 5742 2839 5815 Rom.
2864 5746 3023 5813 pont.
3050 5741 3243 5813 catal,
3266 5744 3468 5815 cap.9,
3494 5759 3545 5798 a.
3572 5759 3629 5797 n.
3656 5742 3707 5797 Ι.

2136 5744 2192 5806 (d
2249 5744 2396 5797 Diss.
2432 5744 2503 5797 de
2533 5747 2651 5795 ant.
2676 5744 2839 5797 Rom.

2133 5744 2213 5885 (ei
2237 5814 2280 5868 A
2314 5828 2480 5871 num.
2514 5812 2738 5871 scilicet
2766 5814 2855 5869 31.
