4156 6328
463 378 574 432 547

1306 379 1657 431 ADDENDA
1695 379 1792 430 AD
1830 376 2167 438 QUOSDAM
2204 379 2740 439 PRECEDBNTRS
2775 383 3035 439 ΤΟΜΟΞ.

3763 378 3876 436 548

469 504 927 572 ordinationum,
954 502 1381 558 dedicationum
1412 500 1808 569 basilicarum,
1833 500 2111 556 aliarum-
2142 504 2196 568 Α
2226 507 2402 561 octavi
2441 507 2674 562 initium
2702 508 2749 563 is
2773 511 2975 563 auctor
2993 507 3181 577 vixit),
3206 524 3321 562 non
3353 507 3570 577 injuria
3591 507 3879 563 aScheel-

468 611 581 666 que
616 595 669 647 id
703 609 889 664 genus
916 591 1442 646 ecclesiasticarum
1470 590 1837 645 lunctionum
1859 591 2113 659 tabulas,

466 700 614 754 quas
634 683 761 753 ipse
782 697 908 735 cum
930 678 1243 735 Anastasio
1261 678 1713 750 diligentissime
1735 680 2115 749 contulit,mi-

465 773 624 827 riﬂce
656 772 835 842 hujus
865 770 1143 825 doctrinas
1174 786 1519 840 congruere,
1560 769 1616 824 id
1669 771 1824 840 quod
1876 770 1932 823 in
1985 770 2115 825 aliis

464 862 638 917 etiam
663 875 916 931 quorum
941 858 1446 929 comprobationes
1469 875 1584 913 non
1610 858 1902 914 habentur
1927 859 2115 914 incor-

465 954 699 1021 ruptam
715 948 1009 1003 Anastasii
1027 948 1199 1002 tidem
1224 946 1897 1014 conlirmat,multoitcm
1921 948 2116 1017 plures

465 1055 640 1108 quam
667 1055 739 1092 nu
752 1054 821 1092 nc
836 1036 1245 1092 ecclesiasticas
1261 1036 1631 1106 antiquitatis
1648 1035 1925 1106 reliquias
1940 1036 2117 1107 hujus

466 1130 725 1185 auctoris
756 1145 873 1183 (evo
901 1128 956 1181 in
982 1127 1134 1182 Urbe
1166 1128 1551 1197 superfuisse,
1576 1132 1642 1181 ut
1674 1127 1915 1197 proinde
1948 1144 2016 1181 ex
2045 1127 2117 1181 iis

465 1225 695 1273 tantum
710 1217 835 1283 ,etsi
857 1217 972 1270 alia
988 1217 1314 1271 defuissent
1335 1215 1553 1285 omnia,
1578 1215 1835 1287 priorum
1854 1216 2116 1270 Ecclesia:

467 1307 815 1363 saeculorum
866 1306 1144 1361 historica
1192 1305 1372 1361 series
1424 1310 1719 1376 utcunque
1770 1305 2116 1372 continuari,

466 1397 674 1451 saltem
725 1395 986 1466 suppleri
1019 1398 1192 1465 atque
1222 1395 1487 1463 adjuvari
1521 1395 1841 1465 plurimum
1879 1400 2113 1465 posset;

466 1485 653 1555 iisque
667 1484 908 1539 omnino
933 1484 1334 1538 monumentis
1351 1500 1521 1538 usum
1543 1482 1871 1539 fuisselibri
1886 1484 2117 1539 Pontifi-

466 1576 609 1632 calis
642 1584 958 1631 auctorem.

536 1663 763 1720 Nollem
783 1664 856 1718 cl.
871 1662 1084 1719 Joanni
1099 1662 1425 1733 Ciampinio
1440 1662 1537 1733 qui
1556 1662 1727 1733 paulo
1742 1667 1875 1717 ante
1888 1662 2118 1718 Scheel-

465 1753 1109 1823 stratium(a)E.1:amcn
1159 1750 1296 1805 libri
1348 1752 1691 1821 Pontiﬁcalis
1737 1768 1806 1805 ex
1854 1753 2117 1823 professo

2225 595 2432 650 stratio
2465 597 2924 666 reprehenditur,
2949 598 3100 668 quod
3126 597 3259 651 libri
3294 596 3650 651 Pontificalis
3680 602 3879 652 aucto-

2227 699 2349 738 rem
2368 688 2542 739 status
2569 687 2876 757 primitiuae
2899 686 3149 742 Ecclesiae
3168 702 3397 755 prorsus
3427 688 3694 754 ignarum
3724 684 3879 741 dixe-

2225 771 2319 838 rit,
2337 774 2577 844 ignarus
2599 776 2853 846 profecto
2879 775 3002 846 ipse
3024 791 3143 844 qua
3164 776 3402 830 demum
3429 780 3594 830 astate
3617 776 3882 831 ﬂoruerit

2228 861 2356 916 libri
2385 863 2740 921 Pontificalis
2763 871 2964 919 auctor
2988 881 3001 919 :
3038 864 3487 935 Quandoquidem
3514 874 3699 921 autem
3720 867 3879 936 (per-

2227 951 2311 1021 git
2337 952 2808 1023 Scheelstratius)
2832 954 3033 1010 saeculo
3060 955 3176 1023 jam
3209 969 3451 1008 ssp'rmo
3474 953 3772 1024 (sphalma
3788 957 3879 1008 est

2226 1040 2711 1111 typographicum
2741 1058 2843 1113 pro
2869 1042 3041 1111 sexto)
3065 1042 3198 1095 libri
3219 1041 3561 1110 Pontiﬁcalis
3590 1046 3881 1095 auctorem

2223 1127 2509 1198 scripsisse
2529 1129 2866 1185 Pearsonius
2885 1133 3110 1201 fatetur,
3135 1131 3331 1185 melius
3342 1130 3409 1185 de
3423 1132 3670 1186 Romana
3690 1131 3881 1186 Eccle-

2225 1216 2331 1285 sia,
2354 1218 2577 1288 ejusque
2592 1219 2922 1290 disciplina,
2946 1220 3147 1274 ritibus
3176 1224 3229 1274 et
3252 1219 3376 1288 ﬁde,
3402 1219 3735 1274 instructum
3752 1237 3881 1275 eum

2223 1308 2396 1376 fuisse
2441 1324 2607 1377 quam
2646 1309 2962 1364 novissimis
3010 1309 3342 1380 temporibus
3371 1314 3550 1378 natos,
3583 1324 3885 1378 agnoscere

2226 1411 2435 1466 quoque
2460 1396 2750 1453 debuisset.

2298 1485 2429 1540 Scio
2479 1486 2659 1542 fuisse
2708 1488 2882 1542 etiam
2916 1504 2984 1542 ex
3012 1486 3316 1543 catholicis
3354 1486 3745 1558 scriptoribus
3775 1488 3881 1559 qui

2228 1572 2365 1629 lihri
2421 1576 2781 1632 Pontificalis
2842 1583 3014 1648 atque
3069 1577 3362 1632 Anastasii
3394 1577 3730 1632 auctoritati
3762 1594 3882 1633 non

2228 1678 2435 1732 parum
2450 1665 2777 1720 detractum
2792 1665 3222 1721 voluerc.Binos
3236 1667 3389 1736 apud
3409 1665 3565 1721 Ciam
3576 1665 3882 1736 pinium(i)

2230 1750 2425 1806 videre
2456 1752 2609 1819 licet,
2646 1771 2791 1824 quos
2821 1772 2925 1825 ego
2958 1759 3151 1809 tamen
3197 1754 3437 1810 honoris
3486 1772 3666 1810 causa
3716 1760 3883 1811 taceo

465 1844 800 1915 scripserat,
830 1843 1023 1897 Romae
1056 1841 1211 1913 typis
1243 1842 1467 1895 editum
1497 1858 1651 1897 anno
1686 1843 1840 1912 1688,
1863 1842 2118 1912 injurius
2149 1875 2197 1939 Β
2228 1841 2421 1895 sciens
2454 1841 2798 1915 iubeasque.
2823 1845 2900 1899 Ex
2924 1843 3018 1899 his
3038 1843 3188 1899 alter
3215 1860 3228 1900 :
3262 1845 3599 1913 Pontiﬁcum
3635 1846 3779 1900 l'itas
3810 1844 3884 1899 ab

464 1951 615 2001 esse,
640 1935 887 2005 ejusque
901 1933 1009 1987 hac
1026 1933 1171 1987 dere
1186 1932 1539 1986 sententiam
1564 1933 1777 1987 tacitus
1801 1933 2116 2003 praeterire.

468 2024 893 2096 Expenderatis
909 2028 1163 2076 veterum
1199 2020 1476 2075 Codicum
1504 2020 1845 2075 collationes
1876 2022 1948 2076 ab
1980 2021 2117 2075 Hol-

464 2115 654 2171 stenio
671 2112 1317 2182 factas,momentisque
1330 2111 1622 2166 rationum
1637 2112 1911 2166 omnibus
1928 2113 2117 2166 denuo

464 2207 576 2262 sub
608 2204 893 2261 trutinam
928 2203 1234 2271 revocatis,
1258 2203 1316 2256 in
1350 2202 1472 2256 haec
1501 2204 1677 2257 verba
1705 2217 2013 2258 censuram
2048 2203 2119 2258 de

463 2297 612 2353 libre
645 2294 968 2352 Pontiﬁcali
994 2310 1161 2349 suam
1197 2295 1415 2365 profert
1444 2294 1557 2364 (b):
1588 2294 1969 2349 Verumtancm
1993 2294 2119 2350 licet

464 2406 499 2444 a
518 2389 771 2460 pluribus
789 2392 1082 2442 exaratum
1114 2384 1360 2440 (Iudicem
1396 2390 1764 2440 Romanorum
1795 2384 2117 2456 pontiﬁcum

464 2478 867 2545 existimemus,
896 2474 1268 2531 nihilominus
1296 2478 1358 2528 ut
1381 2475 1722 2544 autographa
1750 2474 2117 2545 geminisque

460 2569 753 2639 scripturis
771 2574 1029 2633 excerpta
1051 2568 1356 2620 maximam
1376 2580 1440 2618 ac
1460 2579 1733 2619 summam
1756 2564 1916 2633 ﬁdem
1938 2564 2116 2619 eidem

461 2657 770 2712 habendam
794 2670 913 2710 esse
939 2668 1243 2720 censemus,
1268 2652 1548 2723 praecipue
1567 2668 1696 2707 cum
1716 2662 1937 2724 propter
1965 2654 2114 2707 anli~

461 2748 731 2817 quitatem
746 2744 973 2799 eximiae
993 2742 1368 2797 venerationis
1381 2741 1430 2795 si
1436 2750 1920 2812 t,constantemque
1933 2742 2116 2797 histo—

458 2836 610 2890 riam
639 2836 941 2901 contineat,
968 2848 1132 2903 quam
1164 2840 1238 2887 tot
1265 2832 1589 2886 saeculorum
1634 2845 1901 2886 consensu
1933 2832 2115 2886 Eccle-

461 2926 549 2980 sia
579 2922 801 2994 recepit,
834 2924 1017 2991 utpote
1064 2934 1191 2991 quae
1240 2918 1450 2973 litteris
1498 2918 1824 2987 consignata
1866 2919 2046 2992 fuerit
2086 2937 2119 2974 a

462 3011 832 3084 scriptoribus
860 3011 959 3081 qui
986 3009 1071 3063 vel
1099 3008 1468 3079 pontificibus,
1500 3022 1734 3079 quorum
1778 3018 1927 3078 gesta
1975 3011 2117 3064 scri-

462 3114 641 3174 psere,
672 3101 856 3170 cenavi,
886 3098 966 3154 vel
991 3098 1163 3169 paulo
1200 3097 1454 3169 juniores
1481 3098 1734 3167 luerunt.
1770 3098 1897 3153 llaec
1924 3099 2115 3153 Ciam-

468 3191 687 3263 pinius.

533 3283 648 3334 Nec
678 3276 914 3332 defuere
935 3290 1006 3330 ex
1035 3273 1182 3346 ipsis
1215 3272 1588 3328 heterodoxis
1628 3273 1983 3329 cordatiores
2013 3273 2114 3345 qui

461 3365 861 3423 Pontificalem
878 3364 1090 3419 librum
1110 3379 1221 3417 non
1238 3362 1461 3433 vulgari
1475 3361 1662 3433 elogio
1678 3364 2119 3418 commendave-

463 3457 603 3521 rint,
629 3459 693 3509 ut
717 3469 824 3509 suo
856 3453 981 3507 loco
1011 3452 1298 3506 dicemus.
1328 3453 1553 3506 Interea
1571 3466 1706 3505 vero
1739 3450 1887 3504 nihil
1919 3466 2116 3505 mora-

462 3560 598 3599 mur
613 3542 1099 3611 Pearsonium(c),
1115 3540 1441 3595 Molinzsum
1464 3538 1561 3611 (ά),
1581 3539 2005 3609 Hospinianum
2021 3540 2114 3610 (θ),

463 3630 833 3688 Dodwellum
865 3632 936 3700 (Γ)
967 3634 1025 3683 et
1073 3628 1122 3683 si
1168 3628 1268 3699 qui
1320 3632 1461 3681 sunt
1501 3627 1599 3682 alii
1661 3628 1835 3698 hujus
1888 3630 2115 3684 ordinis

460 3721 591 3786 viri,
622 3734 874 3790 quorum
898 3718 1100 3789 jecora
1130 3716 1354 3771 difficili
1386 3717 1441 3769 in
1476 3716 1623 3771 ritus
1684 3717 2113 3774 ecclesiasticos

462 3810 579 3865 bile
608 3808 898 3864 tumentia
928 3807 1087 3862 virus
1132 3805 1468 3861 acerbitatis
1498 3823 1621 3860 suae
1646 3806 1704 3860 in
1740 3808 2111 3862 Anastasium

459 3899 717 3970 librique
746 3895 1106 3952 Pontiﬁcalis
1138 3899 1436 3949 auctorem
1460 3900 1763 3960 evomunt,
1796 3906 2113 3966 suspectum

460 4004 584 4044 eum
597 3986 939 4057 scriptorem,
964 3987 1014 4038 et
1028 3998 1213 4038 rerum
1232 3991 1513 4053 statusque
1523 3981 1671 4053 prim
1682 3982 1829 4037 itivze
1854 3984 2114 4041 Ecclesiae

458 4092 684 4148 prorsus
705 4078 990 4143 ignarum,
1010 4074 1216 4143 quique
1231 4088 1303 4126 ex
1322 4072 1550 4127 vetustis
1575 4072 1801 4142 quidem
1821 4074 2109 4143 scripturis

459 4165 786 4236 apocryphis
830 4164 1039 4218 librum
1063 4178 1226 4216 suum
1256 4163 1735 4217 consarcinaverit
1766 4162 2106 4233 vocitantes,

462 4255 877 4323 atrocibusque
910 4258 1227 4322 utrumque
1253 4252 1529 4306 conviciis
1565 4251 2019 4321 proscinilentes.

532 4342 648 4397 Hos
683 4358 907 4408 omnes,
943 4344 1149 4410 praeter
1196 4340 1585 4410 Ciampinium
1623 4344 1717 4409 (g),
1750 4340 2109 4396 Scheelstra-

459 4429 969 4499 tiusiisipsisquse
989 4428 1159 4481 modo
1183 4427 1494 4483 retulimus
1518 4430 1882 4500 argumentis
1913 4432 2108 4502 exagi-

457 4525 573 4587 tat;
607 4516 919 4573 Pearsonio
943 4532 1076 4571 vero
1101 4520 1245 4587 quod
1278 4517 1414 4571 libri
1446 4519 1800 4585 Pontiﬁcalis
1830 4529 2107 4575 auctorem

2227 1930 2518 1986 Anastasio
2538 1932 2874 2003 deformatus
2885 1932 3450 1988 etallucinationibus
3460 1933 3654 2004 plenas
3680 1952 3698 1988 :
3728 1933 3888 1988 alter

2228 2034 2360 2073 vero
2405 2021 2655 2076 eumdem
2699 2032 2980 2077 auctorem
3025 2021 3329 2092 fwdissima
3376 2022 3693 2077 adulatione
3738 2038 3888 2092 erga.

2226 2110 2512 2165 Nicolaum
2540 2113 2567 2166 ι
2586 2112 2901 2182 pontiﬁcem
2942 2128 3103 2166 usum
3129 2114 3306 2183 fuisse
3335 2112 3611 2167 afﬁrmat.
3658 2112 3885 2167 Verum

2230 2203 2546 2271 utrumque
2568 2201 2857 2273 iniquiore
2881 2216 3021 2272 erga
3040 2201 3417 2256 Anastasium
3445 2202 3642 2257 animo
3668 2202 3883 2273 fuisse,

2227 2288 2394 2344 facile
2424 2290 2693 2360 conjiciet
2724 2291 3060 2361 quicunque
3090 2306 3124 2344 a
3153 2290 3485 2361 Ciampinio
3518 2291 3730 2345 ibidem
3765 2307 3883 2362 pro

2222 2380 2531 2434 Anastasio
2554 2379 2728 2435 allata
2758 2379 2905 2433 liber
2925 2396 2958 2434 e
2982 2379 3237 2450 partium
3270 2380 3465 2435 studio
3494 2381 3882 2435 considerare

2225 2469 2382 2524 velit.
2413 2472 2541 2540 Ipse
2573 2484 2705 2523 vero
2739 2468 2821 2522 uti
2852 2485 2968 2523 non
3001 2484 3283 2540 negavero
3344 2468 3595 2539 plurima
3626 2469 3681 2523 in
3714 2475 3880 2523 Ana-

2224 2560 2401 2615 stasio
2426 2558 2807 2630 deprehendi,
2836 2556 2915 2613 vel
2942 2557 3014 2612 ab
3045 2573 3133 2624 eo,
3162 2574 3287 2628 qua:
3330 2559 3585 2613 humana
3615 2560 3883 2616 conditio

2223 2654 2330 2715 est,
2348 2648 2513 2702 initio
2536 2662 2741 2718 parum
2766 2646 3190 2715 animadversa,
3214 2646 3299 2700 vel
3330 2646 3729 2719 exemplorum
3754 2665 3889 2705 cre-

2226 2737 2433 2791 britate
2477 2737 2547 2791 ab
2597 2736 2945 2807 antiquariis
2998 2736 3346 2801 deformata,
3378 2736 3525 2791 tanti
3577 2742 3774 2792 tamen
3810 2744 3888 2794 ut

2228 2825 2449 2897 praefati
2481 2830 2748 2881 auctores
2779 2826 3143 2881 contendunt
3167 2825 3433 2880 facienda
3456 2824 3697 2880 minime
3726 2827 3895 2882 arbi-

2227 2920 2367 2971 tror.
2392 2915 2590 2985 Neque
2613 2914 2661 2970 si
2681 2915 3028 2970 Anastasius
3052 2915 3111 2968 in
3134 2913 3352 2969 Nicolai
3381 2914 3426 2978 Ι,
3454 2931 3628 2986 quem
3663 2916 3891 2972 nedum

2228 3004 2524 3061 communi
2557 3021 2841 3075 supremae
2860 3002 3193 3075 dignitatis,
3217 3004 3315 3058 sed
3342 3003 3575 3074 preprio
3597 3002 3891 3059 clientelae

2220 3095 2354 3165 jure
2369 3094 2644 3149 acdebito
2668 3093 2912 3150 revereri
2937 3093 3159 3163 debuit,
3187 3093 3389 3147 laudes
3404 3091 3706 3164 aliquanto
3737 3092 3896 3149 liheo

2229 3181 2354 3236 rius
2378 3181 2825 3253 excurrit(quod
2852 3180 3234 3251 scriptoribus
3254 3179 3514 3235 solemne
3534 3185 3623 3235 est
3647 3180 3705 3234 in
3738 3197 3897 3235 nun-

2143 3232 2189 3300 C
2228 3270 2548 3341 cupatoriis
2580 3232 3893 3341 praisertim'epis‘tolisl,fmduﬁm‘eidempprd-

2228 3366 2425 3432 pterea
2456 3357 2695 3431 palpum
2728 3358 3053 3415 obtrusisse
3075 3359 3407 3414 censendus
3433 3363 3540 3414 est.
3565 3358 3673 3414 Sed
3695 3359 3767 3414 de
3788 3359 3893 3417 his

2228 3466 2335 3504 nos
2366 3448 2533 3504 alias.

2302 3540 2529 3593 Interea
2549 3554 2701 3604 vero,
2728 3542 2793 3592 ut
2830 3553 2860 3592 e
2889 3534 3237 3592 diverticulo
3270 3536 3328 3591 in
3360 3536 3515 3591 viam
3548 3537 3890 3610 redeamus,

2228 3629 2500 3701 nuspiam
2526 3628 2650 3700 ipse
2670 3627 2880 3682 adduci
2898 3630 3095 3698 potero
3113 3630 3175 3681 ut
3190 3626 3424 3681 credam
3440 3626 3860 3683 Terribilinum
3873 3673 3888 3696 ,

2224 3719 2420 3774 etsiab
2434 3718 2564 3788 ejus
2589 3716 2854 3788 partibus
2881 3715 3156 3770 Merenda
3179 3714 3425 3783 steterit,
3447 3716 3741 3786 prioribus
3765 3716 3889 3771 illis

2223 3824 2371 3879 quos
2399 3808 2567 3863 modo
2587 3805 3036 3862 confutahamus
3058 3803 3453 3870 heterodoxis,
3475 3809 3580 3859 aut
3600 3805 3889 3875 posterio-

2222 3897 2386 3951 ribus
2400 3896 2492 3950 his
2505 3894 2808 3951 catholicis
2827 3892 3210 3964 scriptoribus
3223 3892 3572 3960 consentire;
3589 3894 3892 3950 cautiores

2221 3990 2419 4041 tamen
2448 3983 2651 4039 vellem
2686 3981 3113 4039 ecclesiasticos
3162 3982 3484 4053 praesertim
3514 3982 3693 4051 viros,
3728 4001 3881 4055 quos

2222 4075 2465 4145 proinde
2497 4075 2713 4129 nedum
2740 4071 3141 4143 scopulos,sed
3170 4076 3226 4127 et
3243 4070 3527 4127 allidendi
3548 4073 3869 4128 discrimen

2218 4164 2508 4220 devitasse
2525 4164 2884 4219 tutissimum
2911 4161 3139 4217 fuisset.
3164 4161 3287 4216 Non
3312 4160 3467 4216 enim
3495 4160 3589 4216 hic
3615 4163 3790 4218 nobis
3810 4165 3881 4218 de

2219 4253 2374 4319 lana,
2399 4253 2553 4324 quod
2578 4253 2762 4319 aiunt,
2789 4252 3030 4323 caprina
3054 4266 3246 4306 sermo
3273 4255 3382 4318 est,
3407 4266 3518 4304 neu
3544 4252 3870 4320 quaerimus

2218 4347 2363 4413 quot
2393 4342 2618 4398 hiemes
2653 4343 2875 4397 Laertis
2906 4342 3113 4396 errarit
3145 4357 3309 4411 puer,
3343 4338 3525 4394 aliave
3559 4346 3870 4410 poetarum

2218 4431 2433 4487 fabulis
2464 4432 2693 4487 decora.
2720 4435 2962 4485 Summa
2994 4431 3174 4484 ferme
3208 4429 3491 4484 universes
3524 4430 3877 4500 pontiﬁcum

2217 4521 2475 4576 historiis
2490 4521 2545 4575 in
2563 4522 2741 4576 dubio
2752 4525 2841 4575 est
2861 4537 2874 4586 ;
2908 4521 3097 4591 deque
3112 4536 3177 4573 ea
3192 4517 3369 4574 simul
3383 4521 3604 4573 statuet
3617 4521 3881 4589 quicun-

459 4612 731 4665 incertum
759 4605 952 4662 saeculi
970 4621 1024 4659 vr
1042 4604 1368 4674 scriptorem
1388 4603 1637 4671 dixisset,
1666 4623 1780 4661 non
1806 4607 2105 4679 illepidum
2136 4598 2186 4664 D
2218 4627 2330 4682 que
2344 4612 2578 4666 tandem
2595 4606 3879 4680 secundicatalogiatqueAnastasiiauctori-

458 4701 736 4768 prazterea
781 4693 1041 4749 subcinit
1071 4692 1461 4763 epiphonema
1494 4694 1593 4762 (h).
1626 4694 1771 4748 Cum
1802 4697 2013 4751 etenim
2050 4697 2107 4751 in

460 4786 824 4857 designanda
836 4783 1094 4840 auctoris
1107 4783 1233 4852 ejus
1253 4782 1383 4837 libri
1398 4787 1567 4837 aetate
1583 4784 1848 4838 nonnihil
1864 4785 2107 4841 humani

455 4892 669 4948 passus
705 4872 1057 4928 Pearsonius
1090 4870 1297 4926 fuisset
1328 4882 1462 4938 (non
1497 4871 1649 4925 enim
1683 4882 1856 4939 sexto,
1893 4879 1955 4927 ut
1984 4874 2109 4945 ipse

453 4968 665 5035 aiebat,
687 4964 913 5031 saeculo,
933 4962 1035 5017 sed
1069 4966 1316 5016 exeunte
1344 4964 1590 5032 septimo,
1615 4967 1669 5017 et
1699 4962 1966 5018 fortassis
1998 4964 2108 5018 sub

526 5073 600 5143 (α)
623 5068 980 5143 Blanchinus
1028 5066 1230 5143 senior
1248 5068 1335 5143 _(In
1356 5070 1879 5143 prwfatione,_1'om.
1906 5071 2106 5143 I_Ana-

452 5138 631 5211 stasii)
661 5143 855 5197 innuit
884 5138 1365 5194 Scheelstratium
1386 5140 1761 5212 quatriennio
1786 5141 2104 5212 postJoan.

454 5213 874 5293 Ciampin‘ium,
898 5227 1051 5293 anno
1073 5227 1201 5293 nem
1214 5227 1282 5281 pe
1307 5211 1626 5293 1692,0pus
1649 5211 1823 5267 suum
1838 5212 2107 5293 Antiqui.-

454 5286 596 5339 tatis
616 5282 1017 5339 ecclesiasticae
1042 5282 1296 5336 edidisse
1322 5299 1333 5346 ;
1369 5283 1520 5352 quod
1550 5289 1607 5338 et
1626 5302 1825 5339 verum
1850 5289 1937 5339 est
1961 5282 2008 5337 si
2033 5284 2102 5337 ad

455 5360 776 5410 Romanam
801 5356 928 5425 ejus
942 5354 1136 5426 operis
1154 5354 1477 5426 Editionem
1498 5356 1811 5426 multiplici
1833 5355 2106 5410 disserta-

451 5428 612 5482 tione
645 5434 818 5495 atque
834 5424 1272 5495 appendicibus
1292 5432 1522 5479 auctam
1548 5424 1873 5482 referamus
1898 5444 1911 5493 ;
1946 5426 2102 5479 idem

454 5505 653 5577 tamen
688 5496 1251 5577 opusgAntiquilatis
1283 5496 1686 5577 ecclesiasticas
1734 5499 1924 5577 multo
1972 5496 2107 5552 licet

453 5568 812 5625 contractius
838 5568 1168 5636 Antuerpiie
1192 5583 1470 5622 excusum
1496 5569 1722 5639 pridem
1746 5570 1933 5625 fuerat
1952 5586 2103 5625 anno

452 5656 666 5712 nempe
698 5638 1097 5712 1678,_iorma,
1132 5644 1201 5712 ut
1224 5644 1451 5712 vocant,
1488 5638 1713 5712 quarta.

524 5708 835 5783 (biExam.
868 5708 979 5783 lib._
1003 5708 1325 5783 Pontifical.
1358 5708 1619 5783 sectili,
1653 5727 1782 5782 pag.
1817 5712 1941 5767 407.

524 5780 592 5855 (c)
618 5783 859 5840 Dissert.
885 5798 926 5847 1,
950 5780 1021 5836 de
1042 5780 1193 5835 serie
1222 5783 1389 5837 Rom.
1415 5780 1798 5855 pontif.,’cap.
1831 5784 1917 5852 12,
1952 5802 2010 5843 n.
2044 5789 2101 5854 8,

2218 4702 2321 4755 tati
2337 4702 2664 4755 detractum
2679 4699 2836 4753 velit.
2851 4698 3058 4769 Agitur
3072 4697 3228 4753 enim
3251 4697 3567 4767 inutroque
3590 4696 3699 4752 hoc
3724 4697 3877 4754 libro

2222 4791 2291 4845 de
2312 4790 2491 4861 gestis
2527 4794 2918 4844 Romanorum
2944 4787 3283 4856 pontificum
3318 4787 3507 4857 deque
3528 4789 3877 4843 eorumdem

2220 4879 2403 4944 Actis,
2464 4877 2961 4944 ordinationibus,
3022 4875 3313 4943 decretis;
3365 4876 3435 4929 de
3492 4876 3717 4930 summi
3773 4893 3873 4931 sa-

2218 4968 2463 5024 cerdotii
2516 4966 2886 5031 auctoritate,
2947 4966 3017 5020 de
3070 4966 3257 5021 sacris
3316 4963 3580 5035 reliquiis
3638 4970 3697 5019 et
3748 4982 3897 5037 pre-

2218 5091 2313 5145 ap.
2338 5072 2842 5145 Scheelstratium,
2863 5070 3115 5145 Diss._de
3145 5070 3448 5145 catalogis,
3482 5086 3614 5142 cap.
3640 5071 3696 5145 8,
3730 5086 3788 5126 ιι.
3821 5072 3887 5126 4.

2256 5142 2368 5228 ξω)
2394 5147 2499 5217 Ap.
2535 5143 2844 5215 Ciampin.,
2893 5143 2953 5197 in
3005 5142 3337 5198 Exam.lib.
3371 5142 3561 5211 Pont.,
3598 5142 3698 5198 ubi
3747 5159 3895 5214 pro-

2215 5234 2390 5369 1322?.
2414 5292 2488 5369 9e
2539 5286 2696 5369 Οῐζὶδ.
2750 5285 3043 5355 Templor.
3095 5284 3197 5340 lib.
3252 5302 3314 5351 II,
3349 5301 3477 5356 cap.
3514 5284 3604 5354 14,
3637 5283 3742 5357 §7.
3776 5301 3885 5355 8P-

2214 5358 2527 5428 Ciampin.,
2562 5358 2660 5411 ubi
2694 5374 2856 5427 prox.

2285 5430 2354 5499 (Ῑ)
2380 5426 2676 5483 Dissertat.
2694 5426 2766 5483 de
2789 5428 3006 5499 paucit.
3026 5427 3550 5498 martyrum.apud
3578 5426 3887 5495 Ruinart.,

2215 5498 2374 5572 praef.
2411 5501 2478 5554 ad
2512 5503 2654 5554 Acta
2686 5498 2857 5554 mart.
2894 5498 3143 5565 sincera,
3176 5513 3309 5569 pag.
3335 5499 3427 5551 67.

2284 5573 2360 5643 (ρ)
2392 5576 2533 5626 Sect.
2574 5573 2660 5637 12,
2695 5587 2822 5642 pag.
2862 5572 2983 5625 108.

2284 5638 2361 5714 (h)
2390 5643 2536 5699 Dies.
2560 5643 2632 5699 de
2654 5638 2967 5699 anti’Rom.
3001 5643 3165 5713 pont.
3190 5638 3386 5706 catal.,
3412 5640 3614 5710 cap.9,
3634 5656 3690 5694 n.
3720 5639 3772 5704 9,
3813 5638 3891 5695 in

2213 5716 2343 5859 (inti)
2371 5786 2571 5843 Exam.
2605 5786 2708 5844 lib.
2735 5788 2927 5855 Pent",
2960 5787 3102 5842 sect.
3137 5784 3224 5855 12,
3257 5798 3392 5855 pag.
3430 5782 3553 5837 108.
