4156 6328
299 403 372 460 56
1236 402 1717 461 DIBSERTATIO
1752 403 1848 458 DE
1884 402 2181 457 DAMASO
2218 405 2311 458 ET
2347 405 2786 461 LAURENTIO.

3613 384 3723 455 57o

298 526 563 584 Ecclesia
578 525 952 583 utilissimam
969 524 1956 600 forepranuntiarent.Nequeenim
1988 527 2041 593 Α
2074 530 2314 596 poneret
2344 543 2477 582 cum
2512 527 2728 599 alioqui
2764 526 3107 584 facillimum
3140 526 3252 599 ipsi
3287 525 3517 597 fuisset,
3558 524 3721 583 salva

300 620 665 677 rusticanum
714 635 872 686 eum,
899 636 1001 674 seu
1037 620 1107 675 de
1144 620 1313 690 plebe
1347 619 1599 691 aliquem
1620 618 1957 673 existimare

302 711 389 766 fas
412 713 521 777 est;
547 711 649 763 aut
675 724 791 763 non
815 707 1117 778 insigniter
1138 709 1297 780 pium
1324 706 1811 778 probumque,cui
1834 710 1954 760 tam

304 800 417 856 alte
440 798 728 854 insederit
753 799 939 854 ﬁlium
962 802 1031 853 ab
1059 800 1333 869 Hesperia
1358 799 1567 855 ultima
1595 800 1838 854 Romam
1872 814 1957 851 re-

306 890 541 961 ligionis
566 907 743 945 causa
772 890 1039 944 mittendi
1078 891 1361 945 studium.
1397 890 1546 944 Raro
1570 888 1688 943 hac
1706 892 1958 955 tangunt

301 980 576 1052 vulgares
602 980 854 1034 animas.
879 978 1231 1035 Prudentius
1259 996 1485 1050 quoque
1508 979 1755 1033 illustres
1777 976 1957 1032 domos

303 1068 621 1125 Laurentio
663 1068 877 1124 liberos
903 1086 1042 1124 suos
1074 1070 1193 1125 voti
1246 1086 1423 1125 causa
1461 1068 1725 1123 dedicare
1753 1066 1956 1122 solitas

303 1159 487 1214 fuisse
509 1158 1182 1214 commemorat.Verum
1208 1158 1256 1213 si
1283 1160 1459 1213 lortes
1482 1157 1731 1213 fortibus
1756 1172 1955 1211 crean-

304 1251 422 1315 tur,
448 1263 641 1318 neque
663 1246 932 1303 imbelles
957 1252 1349 1319 progenerant
1369 1247 1624 1319 aquilam
1651 1244 1955 1311 columba,

307 1341 371 1392 ut
389 1335 534 1392 olim
558 1337 806 1391 canebat
827 1337 1109 1408 profanus
1132 1336 1209 1409 (α)
1228 1341 1537 1407 vates,non
1563 1334 1955 1390 ultimamAn-

304 1426 653 1496 toniipatris
676 1426 1244 1481 commendationem
1269 1426 1451 1481 fuisse
1473 1429 1635 1498 puto,
1660 1425 1813 1496 quod
1842 1424 1956 1495 ipsi

304 1516 442 1571 talis
461 1515 1001 1586 tantusque,qualis
1024 1516 1225 1587 eajam
1243 1520 1409 1570 atate
1430 1515 1717 1570 Damasus
1736 1514 1958 1583 erat,ti-

310 1604 426 1660 lius
447 1604 781 1675 obtigisset.
807 1604 1065 1659 Ecclesia
1079 1603 1329 1676 denique
1359 1619 1697 1676 quanquam
1720 1620 1785 1659 eo
1805 1608 1953 1657 tem-

313 1710 454 1767 pore
476 1693 797 1765 tranquilla
820 1710 960 1765 pace
997 1702 1172 1763 atque
1201 1694 1315 1748 otio
1340 1694 1649 1760 lrueretur,
1694 1694 1953 1747 nondum

320 1792 511 1839 tamen
538 1782 859 1837 recentium
887 1783 996 1837 sub
1027 1782 1386 1838 Maximiano
1408 1787 1467 1837 et
1504 1781 1723 1837 Licinio
1744 1780 1955 1836 vulne-

2068 632 2313 687 poeseos
2347 616 2474 689 lege
2505 619 2588 673 sic
2614 617 2863 672 exordiri
2899 634 2911 672 :

2223 706 2331 755 Hac
2360 719 2542 755 Lsc'ron
2571 711 2740 769 pater,
2780 719 3050 768 sxcsproa,
3079 704 3258 762 levita,
3289 704 3554 754 sacerdos.

2133 796 2264 851 Jam
2293 810 2428 849 vero
2454 812 2757 865 processus
2781 797 2889 851 iste
2927 797 2997 850 ab
3022 798 3394 866 exceptoratu
3422 794 3491 848 ad
3538 793 3718 850 lecto-

2066 891 2281 952 ratum,
2301 904 2411 941 non
2432 887 2510 941 ita
2526 887 2823 955 frequens,
2844 887 3045 940 mirice
3062 886 3372 941 conﬁrmat
3391 886 3715 941 Antonium

2070 993 2180 1030 non
2206 994 2235 1030 a
2262 976 2567 1047 puero,sed
2598 975 3015 1045 provectiorem
3042 974 3111 1030 ad
3135 973 3355 1029 elerum
3374 974 3711 1031 accessisse.

2067 1066 2109 1119 li
2140 1066 2353 1121 etenim
2382 1065 2505 1136 qui,
2534 1065 2757 1119 reddita
2775 1064 3040 1119 Ecclesia
3059 1080 3218 1135 pace,
3240 1081 3269 1118 a
3286 1064 3483 1135 pueris
3506 1064 3713 1119 divina

2070 1154 2288 1209 militia
2311 1153 2986 1219 ascribehantur,statim
3004 1171 3035 1208 a
3049 1152 3343 1224 baptismo
3360 1154 3415 1207 in
3435 1152 3715 1208 lectorum

2067 1243 2379 1315 collegium
2398 1248 2534 1298 ante
2549 1242 2879 1313 pubertatis
2907 1258 3093 1297 annos
3110 1241 3297 1307 relati,
3318 1249 3454 1295 tunc
3476 1241 3715 1296 demum

2066 1331 2392 1403 exceptoris
2423 1331 2683 1386 ofﬁcium
2719 1332 3213 1403 assequebantur,
3246 1330 3293 1385 si
3327 1346 3547 1401 gnavos
3588 1346 3719 1386 sese

2066 1425 2243 1491 atque
2266 1419 2590 1474 industrios
2621 1420 2691 1474 ad
2719 1418 2773 1473 id
2802 1418 3065 1473 muneris
3090 1416 3517 1473 exbibuissent.
3545 1416 3715 1472 Illus-

2064 1514 2151 1565 tre
2177 1509 2231 1564 in
2260 1509 2411 1564 hanc
2435 1507 3212 1580 remEpiphaniiTicinensis
3235 1506 3564 1578 exemplum
3581 1522 3716 1578 sup-

2066 1598 2288 1670 peditat
2313 1598 2480 1653 nobis
2500 1598 2797 1653 Ennodius
2821 1596 2911 1669 (c),
2930 1597 3029 1669 qui
3055 1601 3361 1667 postquam
3385 1612 3516 1651 eum
3542 1596 3717 1651 cale-

2065 1687 2140 1741 sti
2170 1676 2391 1742 militia
2414 1687 2753 1743 tirocinium
2782 1687 2892 1742 sub
2935 1685 3201 1757 Crispino
3224 1686 3495 1741 sortitum
3529 1684 3715 1740 fuisse

2064 1776 2164 1843 ait,
2199 1776 2552 1847 lectorisque
2572 1776 2763 1831 ofﬁcio
2788 1777 3080 1843 functum,
3110 1775 3333 1846 pergit:
3354 1774 3620 1829 Natarum
3650 1773 3711 1829 in

307 1886 438 1926 rum
472 1870 771 1925 cicatrices
795 1871 1136 1939 obduxerat;
1164 1888 1404 1943 prorsus
1427 1875 1490 1925 ut
1513 1869 1742 1938 talium,
1762 1868 1954 1941 qualis
1989 1902 2033 1967 Β
2063 1865 2350 1923 scribendo
2370 1866 2711 1937 compendia,
2735 1869 2782 1920 el
2805 1866 3012 1935 ﬁguras
3036 1863 3217 1918 varias
3246 1864 3535 1919 verborum
3564 1864 3714 1918 mul-

305 1960 595 2016 Antonius
651 1962 795 2028 erat,
823 1959 1078 2015 virorum
1127 1960 1417 2032 prasidiis
1469 1963 1671 2014 contra
1714 1958 1869 2029 belli,
1903 1958 1951 2013 si

302 2049 543 2121 quando
568 2050 890 2119 ingrueret,
923 2048 1262 2120 procellam,
1297 2065 1537 2120 propere
1561 2048 1792 2103 munire
1824 2065 1954 2104 esse

301 2142 479 2209 atque
500 2144 728 2193 mature
753 2138 1055 2210 providere
1080 2137 1593 2193 consultissimum
1618 2138 1727 2209 ipsi
1754 2138 1951 2194 fuerit.

372 2228 708 2284 Constituto
732 2227 859 2298 jam
884 2244 1016 2282 vero
1039 2228 1097 2282 in
1122 2232 1457 2298 exeptoratu
1482 2227 1714 2282 Damasi
1745 2244 1951 2299 paren-

296 2318 573 2387 te,|ector
593 2318 843 2373 subinde
868 2317 1296 2389 ﬁeri,quodque
1322 2318 1613 2389 reliquum
1632 2323 1757 2373 erat
1777 2316 1952 2372 eccle-

296 2406 526 2464 siastici
572 2407 747 2462 stadii
772 2407 1078 2475 conﬁcere,
1106 2424 1215 2462 non
1244 2408 1485 2479 perinde
1525 2406 1763 2462 difﬁcile
1794 2407 1951 2462 asti-

297 2497 611 2552 mandum.
648 2495 773 2551 Una
794 2498 1008 2551 etenim
1034 2497 1137 2551 viri
1171 2496 1434 2569 probitas
1458 2495 1867 2566 industriaque
1891 2496 1949 2550 in

293 2591 712 2658 exceptoratus
772 2576 1015 2641 munere
1046 2591 1325 2657 spectata,
1366 2590 1430 2640 ut
1455 2585 1567 2640 alia
1626 2585 1951 2641 defuissent

295 2677 524 2741 omnia,
560 2675 804 2745 gradum
837 2676 887 2729 ei
923 2675 991 2729 ad
1026 2672 1372 2730 lectoratum
1408 2678 1762 2744 catcrosque
1794 2673 1947 2728 ordi-

294 2783 429 2833 nes,
463 2766 642 2836 idque
674 2764 1072 2834 inexspectato
1121 2768 1453 2834 temporum
1488 2763 1827 2830 interstitio,
1863 2763 1948 2818 fa-

290 2870 425 2911 cere
477 2853 959 2908 commodissime
1021 2851 1229 2924 potuit.
1280 2852 1477 2922 Neque
1510 2868 1615 2907 nos
1644 2856 1864 2917 tamen,
1898 2852 1949 2907 si

290 2947 703 3017 praassertam
742 2941 1277 2997 ecclesiasticarum
1328 2940 1525 3012 legum
1578 2940 1947 2995 severitatem

288 3033 364 3089 ad
416 3030 706 3087 amussim
742 3029 799 3084 in
836 3047 901 3085 eo
960 3031 1355 3096 observatam,
1416 3030 1831 3100 integrumque
1888 3029 1947 3084 in

292 3121 630 3178 minoribus
689 3120 1007 3175 constituto
1052 3118 1424 3190 septennium
1484 3119 1946 3190 exspectandum

289 3211 574 3268 Merenda
605 3210 991 3276 contenderit,
1026 3225 1241 3281 magno
1271 3213 1581 3280 propterea
1612 3209 1745 3264 nisu
1782 3224 1947 3280 repu-

287 3302 641 3376 gnabimus.
674 3301 903 3356 Etenim
935 3299 1019 3355 vel
1054 3300 1138 3355 sic
1169 3299 1481 3364 Antonius,
1506 3298 1747 3354 vixdum
1782 3315 1950 3355 sexa-

287 3392 595 3466 genarius,
642 3391 870 3462 integra
919 3388 1143 3445 scilicet
1172 3393 1361 3459 atate,
1395 3388 1632 3460 provehi
1674 3389 1742 3444 ad
1779 3404 1945 3461 pres-

296 3484 641 3554 byteratum
676 3479 844 3536 facile
876 3479 1085 3551 potuit.

370 3570 666 3625 Hactenus
696 3567 1124 3624 verosimilium
1158 3567 1371 3623 seriem
1387 3567 1725 3631 atteximus,
1754 3566 1810 3621 in
1837 3582 1952 3637 qua

294 3666 525 3726 tamen,
552 3658 602 3714 si
640 3658 778 3730 quid
816 3674 919 3729 ego
950 3657 1118 3712 video
1153 3657 1296 3711 nihil
1330 3662 1420 3711 est
1451 3657 1601 3727 quod
1638 3654 1886 3710 liberum
1920 3673 1953 3711 a

294 3750 560 3823 partium
594 3747 789 3803 studio
819 3746 1093 3802 lectorem
1130 3747 1339 3801 morari
1361 3744 1769 3816 possit.Neque
1790 3761 1952 3800 vero-

291 3838 522 3895 similia
553 3841 782 3892 tantum
818 3836 1087 3905 dixerim,
1133 3835 1303 3907 queis
1338 3835 1593 3890 historia
1622 3835 1839 3889 veritas
1884 3850 1953 3889 ex

287 3933 459 4001 parte
476 3926 685 3982 saltem
714 3926 891 3980 robur
908 3926 1249 3997 adjungere,
1276 3924 1394 3980 imo
1418 3924 1591 3979 etiam
1616 3923 1688 3980 iis
1710 3940 1950 3979 causam

290 4017 533 4073 dedisse
563 4016 853 4072 credenda
882 4018 986 4071 est.
1021 4014 1159 4069 Rem
1194 4014 1377 4085 igitur
1401 4014 1573 4085 paulo
1596 4013 1771 4069 altius
1796 4029 1954 4085 repe-

288 4112 417 4162 tere
441 4105 651 4177 placet.
707 4103 945 4159 Damasi
988 4108 1213 4174 patrem
1246 4104 1320 4158 ab
1362 4108 1735 4174 exceptoratu
1771 4102 1841 4157 ad
1878 4102 1952 4158 le-

290 4200 563 4252 otoratus
595 4193 857 4247 ordinem
890 4192 1271 4264 processisse,
1306 4192 1419 4263 ipsi
1470 4192 1778 4247 nobiscum
1828 4196 1949 4247 Me-

291 4284 483 4341 renda
514 4299 579 4338 ac
612 4280 1024 4337 Tillemontius
1070 4297 1390 4350 agnovere;
1426 4280 1601 4353 idque
1652 4280 1950 4353 apertissi-

299 4391 398 4430 mo
429 4373 620 4442 ipsius
666 4370 900 4426 Damasi
950 4369 1284 4426 testimonio
1318 4370 1376 4425 in
1409 4370 1834 4441 epigrammate
1875 4375 1951 4426 De

294 4462 526 4534 templo
560 4460 745 4515 sancti
779 4459 1103 4526 Laurentii,
1137 4459 1235 4514 ubi
1279 4459 1348 4513 de
1400 4459 1649 4515 Antonio
1680 4465 1843 4530 patre
1873 4459 1952 4515 lo-

296 4567 516 4624 quens,
552 4550 800 4619 ejusque
831 4549 1048 4620 gradus
1075 4562 1450 4613 enumerans,
1482 4548 1565 4603 ait
1594 4548 1671 4619 (b)
1706 4564 1718 4602 :

466 4685 595 4734 Hac
625 4686 774 4746 pater
802 4695 1064 4739 axcmoa,
1106 4694 1304 4739 LECTOR,
1345 4681 1521 4740 levita,
1557 4680 1805 4731 sacerdos

460 4747 730 4807 Creverat,
764 4751 863 4795 etc.

299 4875 505 4947 Neque
528 4871 739 4928 etenim
761 4875 825 4926 ut
859 4873 1041 4925 metro
1074 4868 1380 4925 inserviret
1413 4874 1701 4926 Damasus
1722 4868 1956 4926 lectoris

299 4966 551 5038 gradum
592 4958 990 5033 exceptoratui
1044 4958 1452 5030 postposuisse
1495 4959 1824 5015 credendus
1845 4965 1955 5029 est,

300 5055 403 5111 sed
434 5051 631 5125 potius
661 5056 725 5106 ut
756 5065 876 5105 rem
906 5064 1023 5120 quo
1072 5057 1234 5119 gesta
1280 5053 1367 5103 est
1402 5047 1607 5103 ordine
1653 5048 1824 5105 nobis
1856 5064 1951 5104 ex-

374 5180 458 5255 (a)
491 5180 689 5255 Horat.
725 5176 912 5255 (Odar.
948 5177 1043 5232 lib.
1079 5193 1157 5255 1y,
1182 5177 1241 5255 4,
1272 5176 1477 5249 strepit.
1514 5177 1597 5246 8).

380 5249 457 5326 ib)
482 5254 594 5326 ᾼρο
628 5249 907 5326 Merene»
935 5264 1063 5326 P99.
1096 5250 1226 5326 24.1.-

310 5330 317 5335 ’
381 5319 449 5397 (ε)
481 5319 776 5397 Ennodius
806 5319 1061 5397 (InA’t’ita
1088 5320 1395 5389 Ediphanii
1426 5319 1747 5390 Ticinencis,
1800 5319 1952 5376 Edit.

304 5391 491 5452 Paris.
549 5395 708 5461 1611,
740 5391 868 5462 pag.
899 5391 1048 5463 360).

374 5469 454 5539 (ά)
488 5471 552 5521 In
588 5470 707 5520 not.
742 5466 810 5539 ad
846 5462 1754 5539 Sacramentarium‘Gregorian.
1805 5466 1950 5536 (Not.

299 5540 409 5595 300
430 5533 507 5594 ibi
537 5554 550 5592 :
584 5534 805 5593 Nolarii
838 5536 935 5590 hoc
965 5536 1081 5591 loco
1115 5537 1241 5589 sunt
1275 5533 1478 5589 Scriba
1500 5533 1738 5606 episcopi
1768 5533 1866 5608 qui
1896 5543 1956 5593 ut

302 5611 619 5683 plurimum
650 5608 1190 5683 assumebanluceq
1204 5611 1486 5683 pectorum
1516 5608 1770 5683 collegio.
1802 5611 1949 5683 Sub-

304 5677 514 5754 ditque
554 5678 835 5754 exempla
871 5696 901 5733 e
938 5677 1729 5754 PhotiiBibliotheca_(_Num.
1763 5682 1888 5750 256)
1908 5698 1953 5754 ie

300 5748 513 5827 poli-tia
544 5748 741 5811 sancti
782 5750 1172 5824 Metrophanii
1202 5755 1254 5807 et
1309 5748 1463 5807 aliis.
1524 5750 1639 5808 Nec
1673 5748 1950 5810 dissentit

2065 1956 2356 2011 tiludinem
2386 1954 2900 2026 comprehendentcs
2940 1954 3090 2008 brevi
3118 1957 3414 2019 assecutus,
3447 1952 3509 2006 in
3540 1954 3709 2008 Exce-

2058 2054 2280 2117 ptorum
2313 2060 2545 2099 numero
2575 2043 2852 2099 dedicatus
2891 2044 3119 2097 enituit.
3143 2042 3342 2113 Neque
3364 2041 3471 2096 hoc
3495 2041 3553 2095 in
3581 2042 3713 2113 Epi-

2063 2134 2277 2207 phanio
2302 2133 2595 2203 singulare
2621 2131 3109 2197 existimandum,
3134 2132 3232 2187 sed
3255 2146 3476 2185 morem
3510 2130 3707 2186 Eccle-

2063 2224 2161 2280 sia
2181 2240 2288 2277 usu
2318 2228 2614 2294 receptum
2642 2221 2822 2277 fuisse
2864 2221 3074 2277 notarii
3100 2221 3218 2276 sive
3252 2225 3585 2291 exceptores
3607 2236 3711 2275 sa-

2063 2314 2308 2385 pissime
2330 2313 2666 2369 electorum
2693 2311 2935 2383 collegio
2977 2314 3438 2375 assumerentur,
3473 2325 3574 2365 ceu
3599 2325 3706 2365 nos

2063 2402 2378 2474 multiplici
2414 2400 2678 2473 exemplo
2710 2401 3025 2457 Menardus
3047 2400 3122 2469 (ά)
3154 2401 3341 2455 docet.

2131 2492 2331 2563 Neque
2360 2507 2494 2546 vero
2526 2491 2742 2546 idcirco
2801 2505 3088 2560 negamus
3137 2492 3546 2561 exceptoratus
3578 2488 3706 2544 ofﬁ-

2060 2581 2216 2636 cium
2242 2597 2273 2634 a
2296 2579 2509 2635 saeulo
2530 2597 2583 2634 1v
2607 2580 2806 2651 pueris
2830 2578 3305 2650 frequentissime
3323 2577 3708 2633 commissum

2062 2669 2573 2740 fuisse,ut,prater
2592 2668 3107 2740 Epiphanii,quem
3126 2668 3298 2722 modo
3314 2666 3705 2737 laudavimus,

2056 2756 2272 2825 locum,
2300 2757 2597 2813 Ausonius
2622 2757 2993 2828 apertissime
3015 2757 3184 2812 docet
3208 2756 3277 2827 (c)
3307 2755 3622 2827 inquiens:

2494 2853 2627 2903 Poen
2678 2858 2923 2904 notarum
2975 2858 3272 2917 prapstum

2494 2917 2693 2968 Sollers
2722 2916 3184 2967 minister'advola
3208 2931 3220 2976 ;

2056 3011 2250 3062 Unum
2294 3010 2489 3063 tamen
2524 3006 2631 3061 hoc
2664 3006 3011 3073 asserimus,
3043 3005 3102 3060 in
3136 3004 3231 3059 his
3283 3005 3385 3075 qui
3429 3021 3459 3061 ε.
3514 3004 3710 3075 pueris

2066 3096 2477 3152 ecclesiastica
2501 3096 2727 3152 militia
2770 3095 3233 3165 ascribebantur,
3266 3092 3606 3149 nullatenus
3637 3093 3710 3149 ab

2063 3186 2388 3256 exceptoris
2419 3184 2610 3240 ofﬁcio
2642 3186 2711 3240 ad
2745 3184 3093 3240 lectoratum
3118 3183 3593 3255 progressionem
3620 3182 3712 3238 ﬁe-

1980 3272 2022 3339 C
2063 3276 2147 3343 ri;
2184 3279 2359 3346 atque
2382 3274 2526 3329 adeo
2549 3289 2960 3345 quemcunque
2985 3272 3250 3327 Ecclesia
3276 3272 3600 3328 ministerio
3619 3272 3712 3326 de-

2062 3364 2321 3419 dicatum
2347 3364 2418 3419 ab
2441 3367 2813 3434 exceptoratu
2856 3362 3168 3433 incapisse
3201 3360 3550 3432 constiterit,
3575 3377 3711 3416 eum

2061 3454 2320 3525 profecto
2352 3457 2521 3508 atate
2550 3452 2925 3524 grandiorem
2949 3451 3224 3506 abdicata
3252 3448 3518 3506 saculari
3550 3466 3711 3522 pom-

2062 3559 2134 3613 pa
2168 3543 2237 3597 ad
2272 3541 2587 3598 Ecclesiam
2622 3541 2948 3596 transiisse.
2974 3546 3122 3595 Sane
3148 3556 3304 3607 vero,
3334 3538 3435 3610 qui
3466 3555 3498 3594 a
3531 3555 3711 3609 puero

2062 3630 2331 3687 Ecclesia
2386 3631 2681 3699 ascriptus
2734 3630 2924 3700 primo
2953 3628 3289 3700 acceptoris,
3322 3645 3453 3684 mox
3498 3629 3713 3684 lectoris

2066 3722 2314 3793 gradum
2366 3721 2455 3793 (ut
2495 3720 2731 3775 Damasi
2766 3735 2979 3790 parens
3027 3721 3339 3788 Antonius)
3372 3719 3711 3787 obtinuerit,

2064 3812 2357 3867 neminem
2405 3826 2648 3882 prorsus
2699 3809 2757 3863 in
2808 3807 3206 3865 ecclesiastica
3257 3809 3499 3865 historia
3549 3810 3713 3863 inve—

2064 3898 2346 3955 niendum
2381 3900 2500 3954 fore
2530 3902 2694 3970 puto.

2134 3989 2317 4058 Atque
2336 3987 2442 4042 hac
2465 4002 2569 4058 ego
2594 3985 2819 4041 ratione
2838 3989 3167 4042 Romanum
3210 3984 3469 4054 Damasi,
3501 4000 3711 4056 paren-

2062 4082 2313 4149 tumque
2338 4080 2393 4131 et
2416 4076 2634 4132 sororis
2659 4077 2874 4141 Irenes,
2899 4092 2967 4131 ex
2995 4075 3271 4147 Hispania
3295 4075 3402 4130 iter
3420 4074 3710 4130 inoffensa

2064 4166 2323 4222 Historia
2341 4166 2473 4233 ﬁde,
2497 4167 2743 4220 servatis
2766 4166 2835 4219 ad
2864 4181 3117 4235 unguem
3146 4162 3713 4234 ecclesiasticislegi-

2063 4256 2192 4325 bus,
2211 4255 2330 4310 imo
2353 4253 2506 4310 enim
2531 4252 2972 4309 verosimillime
2995 4252 3255 4309 conﬁteri
3272 4253 3532 4324 potuisse
3554 4253 3713 4308 arbi-

2066 4341 2513 4399 trabar.Saltem
2541 4341 2769 4397 nullum
2789 4341 2933 4396 mihi
2951 4341 3236 4397 hactenus
3258 4344 3566 4413 scopulum
3593 4341 3717 4397 ani-

2062 4434 2427 4488 madvertere
2452 4430 2636 4499 licuit,
2666 4430 2757 4485 cui
2792 4430 3101 4485 devitando
3128 4429 3713 4502 magnopereallabo-

2062 4522 2317 4578 randum
2358 4520 2454 4575 sit.
2500 4519 2645 4574 Nam
2680 4520 2834 4591 quod
2872 4537 2903 4574 a
2936 4520 3108 4575 nobis
3141 4520 3413 4575 Merenda
3445 4520 3713 4590 inquirit,

1990 4648 2036 4711 Β
2068 4627 2205 4666 num
2234 4609 2459 4665 scilicet
2480 4609 2536 4663 in
2565 4608 2939 4664 inferioribus
2961 4610 3268 4665 ordinibus
3289 4607 3457 4681 positi
3475 4613 3639 4680 pater
3657 4613 3714 4664 et

2068 4699 2225 4755 ﬁlius
2250 4716 2366 4753 uno
2391 4700 2508 4753 fere
2529 4698 2854 4770 eodemque
2902 4703 3184 4769 tempore,
3233 4707 3394 4770 atque
3431 4700 3623 4752 eadem
3652 4698 3714 4751 in

2064 4788 2297 4846 ecclesia
2316 4786 2594 4843 inservire
2610 4786 3058 4843 autministrare
3074 4786 3387 4858 potuerint,
3413 4786 3560 4839 tanti
3594 4801 3711 4839 non

2065 4883 2173 4935 est.
2202 4878 2353 4932 Licet
2374 4876 2534 4930 enim
2558 4880 2996 4947 exceptoratum
3021 4874 3203 4947 patris
3227 4891 3358 4929 cum
3394 4873 3495 4926 ﬁlii
3529 4872 3710 4928 lecto-

2065 4972 2193 5023 ratu
2223 4972 2486 5037 tempore
2519 4970 2575 5020 et
2605 4964 2730 5020 loco
2753 4964 3207 5035 conjungamus,
3238 4962 3386 5017 nihil
3419 4962 3706 5033 prohibet.

2065 5058 2482 5127 Exceptoratus
2518 5053 2672 5109 enim
2698 5052 2954 5108 ofﬁcium
2979 5056 3065 5108 est
3086 5053 3176 5123 (1),
3212 5068 3323 5107 non
3350 5051 3568 5123 gradus
3600 5066 3701 5105 seu

2067 5182 2338 5238 Merenda
2370 5180 2465 5250 qui
2492 5180 2572 5250 (In
2595 5178 2857 5234 annoLad
2875 5178 3039 5250 Carm
3066 5179 3290 5233 Damasi
3316 5177 3708 5250 xxv,pag.241)

2065 5254 2257 5325 inquit
2294 5269 2305 5307 :
2348 5249 2721 5325 V’idesictiam
2752 5249 3075 5325 exglecloris
3115 5250 3304 5306 ordine
3345 5249 3415 5305 ad
3461 5250 3707 5320 ofﬁcium

2062 5323 2369 5395 exceptoris
2398 5324 2647 5395 gradum,
2669 5323 2856 5395 statui.

2133 5393 2204 5466 (ε)
2240 5396 2591 5466 Epigramm.
2631 5393 2752 5466 13,7.

2134 5463 2201 5540 (Γ)
2235 5463 2412 5522 Erant
2445 5465 2681 5540 quidem
2707 5465 2778 5518 iis
2801 5463 3161 5540 temporibus
3183 5480 3481 5540 sacrorum
3509 5467 3706 5520 custo-

2063 5535 2932 5609 des,interpretes,defensores,
2955 5535 3310 5605 laborantes,
3327 5537 3424 5609 qui
3446 5541 3703 5609 mortuo-

2062 5628 2192 5665 rum
2231 5608 2475 5681 corpora
2511 5608 2818 5681 curabant,
2861 5610 3276 5681 aconomitet
3307 5608 3405 5664 alii
3440 5608 3703 5681 Ecclesia

2060 5678 2348 5738 ofﬁciales
2373 5681 2501 5737 sine
2533 5679 2899 5753 ordinatione
2931 5678 3147 5752 aliqua.
3176 5680 3255 5737 De
3287 5698 3402 5753 quo
3418 5680 3702 5753 videndus

2063 5752 2495 5813 Thomassinus
2524 5752 2606 5824 (ιι.
2642 5768 2681 5821 1,
2714 5750 2811 5807 lib.
2846 5768 2906 5823 ιι,
2931 5750 3051 5825 cap}
3085 5754 3257 5827 35,12.
3289 5750 3343 5826 2,
3374 5752 3450 5825 5).
3509 5750 3520 5762 '
