4156 6328
436 372 538 428 571

1276 370 1624 431 ADDENDA
1662 370 1758 422 AD
1797 366 2141 433 QUOSDAM
2177 368 2718 427 PMCEDENTES
2753 372 3002 429 TOMOS.

3735 367 3844 423 572

440 498 875 555 ecclesiasticus
922 499 1094 564 ordo;
1154 513 1345 568 neque
1396 495 1747 552 attributum
1809 491 2079 548 Ecclesiae
2109 490 2166 559 Α
2195 491 2476 564 Hispania
2505 494 2714 552 itinere
2736 496 3061 552 doctrinam
3083 497 3319 569 penitus
3349 494 3675 551 concidere.
3699 494 3842 551 Cum

443 593 667 654 mutus,
700 589 797 642 sed
830 587 1050 658 regioni
1082 587 1279 657 potius
1311 589 1413 640 aut
1444 584 1614 639 Urbis
1660 582 1869 638 tractui
1915 597 2093 652 quam

440 676 615 749 vulgo
648 675 984 748 parochiam
1020 677 1279 731 decimus
1302 675 1411 745 (a);
1446 678 1509 729 ut
1537 673 1781 746 proinde
1805 673 1890 727 fas
1921 671 2094 726 fuerit

443 764 679 821 Damasi
710 764 1057 820 lectoratum
1092 780 1227 819 cum
1259 767 1631 835 exceptoratu
1663 760 1900 816 Antonii
1932 776 2091 816 com-

444 870 680 926 ponere,
716 854 859 924 quin
892 859 1196 925 propterea
1229 853 1288 908 in
1322 851 1743 909 ecclesiasticas
1776 848 2092 905 ordinatio-

444 960 548 999 nes
572 942 958 1014 impingatur.

515 1033 574 1087 Si
596 1048 728 1087 vero
760 1032 832 1087 de
865 1035 1027 1103 patre
1057 1035 1111 1086 et
1143 1031 1264 1087 ﬁlio
1298 1030 1474 1086 simul
1502 1030 1559 1085 in
1592 1030 1795 1085 eadem
1826 1027 2091 1097 basilica,

442 1123 500 1177 in
520 1120 1087 1191 lectoratu,exempli
1115 1120 1321 1191 gratia,
1339 1121 1513 1176 autin
1540 1119 1651 1174 alio
1674 1136 1740 1175 ex
1765 1116 2092 1172 minoribus

445 1211 753 1267 ordinibus
767 1210 1127 1274 constitutis,
1149 1210 1442 1281 inquirere
1464 1210 1739 1264 Merenda
1760 1211 1980 1279 pergat,
2007 1211 2093 1261 t'a-

443 1301 703 1356 tebimur
723 1317 845 1356 rem
862 1316 977 1355 non
1002 1316 1130 1355 esse
1153 1314 1340 1371 usque
1359 1300 1502 1355 adeo
1517 1298 2092 1370 expeditam.Verum

446 1404 580 1445 cum
602 1388 839 1445 Damasi
861 1394 1084 1461 patrem
1110 1406 1227 1445 non
1250 1406 1283 1444 a
1307 1404 1486 1459 puero
1524 1402 1701 1443 sacrae
1744 1385 1969 1441 militiae
1998 1402 2093 1441 as-

445 1479 698 1550 criptum
728 1479 909 1534 fuisse
934 1477 1396 1549 praedixerimus,
1435 1475 1822 1543 Romanusis,
1851 1475 1970 1530 sive
1994 1475 2091 1529 Hi-

445 1584 669 1639 spanus
702 1568 896 1637 fuerit,
920 1568 977 1622 in
1011 1568 1285 1623 eumdem
1316 1583 1381 1622 ac
1413 1582 1520 1622 nos
1550 1564 1859 1637 scopulum
1890 1563 2096 1619 allidat

444 1657 718 1713 Merenda
767 1671 1004 1712 necesse
1048 1662 1158 1711 est.
1191 1656 1494 1719 Quomodo
1536 1656 1691 1710 enim
1726 1659 1889 1727 pater
1918 1653 2092 1725 longo

442 1750 576 1817 post
592 1744 780 1800 ﬁlium
804 1745 1109 1801 intervallo
1138 1744 1409 1801 Ecclesiae
1442 1745 1756 1815 ascriptus,
1790 1742 1975 1798 multo
2005 1746 2093 1797 ta-

442 1852 576 1891 men
609 1838 741 1889 ante
772 1834 968 1907 ipsum
1005 1835 1308 1906 presbyter
1339 1834 1666 1900 ordinatus,
1701 1832 1749 1888 ei
1782 1837 2093 1902 utrumque
2124 1864 2170 1928 Β

442 1925 631 1980 eidem
653 1923 908 1979 basilicae
932 1923 1232 1978 addictum
1256 1921 1528 1977 volumus
1554 1922 1627 1992 (b)
1644 1965 1656 1987 ,
1674 1937 1789 1977 non
1813 1920 1932 1976 ﬁlio
1955 1937 2092 1991 pau-

444 2013 610 2068 latim
666 2012 904 2084 propior
954 2012 1134 2079 ﬁeret,
1183 2027 1432 2083 moxque
1471 2010 1532 2065 in
1572 2010 1774 2066 eodem
1802 2018 1975 2079 atque
1998 2008 2094 2065 ille

444 2103 627 2175 gradu
651 2100 1039 2157 ministraret?
1054 2107 1141 2154 An
1165 2101 1354 2171 magis
1382 2103 1605 2170 patrem
1631 2098 1885 2155 etﬁlium
1910 2098 1969 2152 in
1995 2116 2092 2154 ea-

444 2193 575 2247 dem
599 2190 869 2257 ecclesia,
890 2205 1124 2261 unoque
1144 2206 1387 2260 prorsus
1408 2193 1669 2260 tempore
1692 2187 1896 2243 levitas
1914 2188 2094 2244 luisse

444 2281 741 2338 dicemus?
780 2279 1104 2350 Utrumque
1129 2277 1388 2347 difﬁcile;
1415 2279 1516 2333 sed
1540 2295 1653 2349 quo
1674 2278 1907 2333 tandem
1925 2282 2092 2349 pacto

440 2369 790 2425 alterutrum
815 2386 848 2423 a
874 2368 1156 2423 Merenda
1176 2366 1283 2438 (vel
1304 2367 1348 2421 si
1372 2366 1554 2437 gratis
1579 2367 1628 2423 ei
1656 2371 1969 2422 Damasum
1984 2368 2093 2422 Ro-

439 2475 680 2514 manum
708 2458 894 2513 fuisse
919 2455 1410 2527 concesserimus)
1429 2460 1530 2510 aut
1551 2472 1584 2511 a
1606 2455 1795 2525 nobis,
1817 2457 1862 2511 si
1890 2456 2094 2528 Hispa-

440 2566 583 2605 num
610 2566 744 2605 eum
775 2547 1072 2615 volumus,
1093 2546 1264 2602 vitari
1291 2550 1640 2619 servataque
1682 2547 2092 2603 ecclesiasticae

444 2638 739 2710 diciplinzs
789 2637 1104 2693 severitate
1135 2636 1186 2692 is
1215 2636 1362 2691 obex
1400 2636 1654 2692 amoveri
1686 2636 1895 2708 possit,
1923 2636 2095 2708 plane

447 2745 563 2783 non
587 2728 775 2782 video.
800 2726 1081 2796 Superest
1102 2724 1285 2796 igitur
1315 2730 1382 2781 ut
1411 2724 1880 2797 qualemqualem
1906 2725 2095 2782 eccle-

444 2814 821 2873 siasticarum
847 2812 1043 2886 legum
1069 2813 1213 2868 eain
1237 2829 1297 2869 re
1330 2815 1742 2883 coniventiam,
1772 2831 1947 2886 quam
1980 2814 2092 2871 loci

446 2905 851 2978 temporisque
884 2903 1137 2959 rationes
1160 2907 1334 2975 atque
1365 2903 1632 2959 Ecclesiae
1656 2903 1879 2960 utilitas
1910 2905 2092 2977 exige-

448 3000 556 3063 ret,
592 2994 901 3050 nobiscum
923 2992 1243 3064 confugiat.

516 3083 716 3155 Neque
733 3084 869 3138 Acta
884 3081 1065 3137 beatae
1086 3083 1281 3137 Irenes
1302 3097 1594 3153 germanae
1612 3081 1847 3138 Damasi
1875 3082 2093 3140 sororis

450 3191 484 3231 a
505 3171 905 3229 Bollandianis
922 3170 1196 3227 Patribus
1233 3170 1405 3227 allate
1419 3173 1515 3240 (ο),
1539 3189 1606 3227 ex
1624 3189 1895 3243 quorum,
1918 3174 2090 3228 modo

2198 584 2353 638 enim
2379 602 2447 639 ex
2468 590 2718 657 utroque
2762 602 3130 657 consequens
3173 586 3275 641 ﬁat
3304 588 3529 641 Irenem
3560 600 3714 640 anno
3746 584 3848 639 de-

2199 689 2361 727 mum
2392 674 2496 729 358
2528 680 2631 730 aut
2678 676 2966 746 sequenti,
3017 676 3074 731 in
3127 674 3319 731 lucem
3369 675 3587 730 editam
3640 672 3845 742 fuisse,

2199 778 2314 833 quo
2348 767 2517 835 pacto
2575 765 2648 819 ad
2700 782 2918 820 annum
2975 767 3100 832 325,
3159 765 3407 820 Romam
3464 763 3687 831 venire,
3746 768 3848 818 aut

2198 868 2351 909 anno
2381 854 2488 907 378
2520 855 2780 911 nondum
2812 856 3075 911 vicennis
3107 872 3138 911 e
3159 854 3305 912 vivis
3328 854 3602 922 excedere
3634 852 3848 925 potuit,

2198 958 2331 998 cum
2363 959 2429 998 eo
2460 949 2720 1015 tempore
2770 949 3000 1000 tantum
3046 960 3163 1000 non
3218 942 3602 1016 sexagenaria
3650 942 3847 997 futura

2198 1032 2400 1088 esset?
2431 1037 2507 1088 De
2539 1032 2649 1089 hoc
2680 1038 2875 1090 tamen
2910 1050 3017 1089 nos
3051 1032 3220 1089 alias.

2270 1166 2495 1222 Interea
2515 1183 2650 1223 vero
2664 1184 2779 1223 non
2804 1166 3002 1222 minus
3027 1164 3392 1223 adversarios
3416 1166 3655 1237 torquet
3675 1164 3847 1218 Acto-

2199 1272 2326 1312 rum
2356 1273 2489 1312 cum
2509 1256 2790 1329 epitaphii
2815 1256 3105 1313 sententia
3126 1256 3197 1312 de
3220 1259 3388 1312 atate
3418 1259 3618 1310 Irenes
3647 1251 3844 1308 conci-

2197 1344 2380 1403 liatio.
2416 1346 2474 1401 Si
2505 1346 2661 1402 enim
2696 1346 3006 1419 utriusque
3037 1344 3439 1402 testimonium
3471 1358 3676 1400 verum
3718 1356 3849 1397 esse

2197 1434 2419 1503 volunt,
2443 1452 2558 1509 quo
2579 1440 2843 1508 tempore
2866 1434 3027 1492 nasci
3056 1436 3219 1491 Irene
3238 1434 3449 1507 potuit,
3474 1433 3530 1489 id
3557 1436 3667 1503 est,
3693 1447 3848 1487 anno

2198 1524 2325 1591 358,
2348 1524 2475 1596 ejus
2493 1541 2559 1581 ac
2585 1525 2815 1582 Damasi
2856 1529 3150 1598 parentes,
3172 1524 3264 1581 sin
3290 1522 3489 1579 minus
3513 1537 3545 1579 e
3564 1521 3715 1578 vivis
3746 1536 3851 1576 su-

2199 1613 2527 1686 blati,quod
2549 1614 2947 1671 verosimilius
2972 1614 3243 1683 arbitror,
3272 1612 3477 1669 saltem
3501 1612 3689 1682 idjam
3709 1614 3851 1665 teta-

2197 1704 2273 1760 tis
2291 1703 2545 1760 fuissent
2569 1720 2687 1776 qua
2708 1703 2908 1761 liberis
2936 1720 3173 1777 operam
3197 1705 3338 1760 dare
3357 1701 3698 1775 prolemque
3716 1716 3850 1756 sus-

2198 1794 2388 1865 cipere
2410 1792 2655 1849 minime
2691 1797 2950 1866 possent.
2980 1794 3092 1850 Sed
3126 1796 3269 1849 esto.
3303 1795 3381 1849 An
3414 1808 3528 1847 non
3552 1789 3635 1846 eis
3664 1789 3849 1846 obsti-

2202 1886 2399 1938 turum
2423 1887 2579 1939 esset
2605 1882 2890 1939 castitatis
2911 1882 3300 1955 pr0positum,
3329 1881 3485 1953 quod
3511 1896 3579 1936 ex
3600 1896 3712 1935 usu
3736 1878 3849 1933 La-

2205 1971 2335 2026 tinae
2359 1970 2629 2027 Ecclesiae
2657 1971 3050 2028 necessarium
3076 1972 3186 2027 fuit
3208 1979 3270 2026 ut
3289 1974 3454 2044 pater
3475 1968 3628 2025 clero
3665 1966 3851 2023 ascri-

2201 2060 2437 2117 beretur
2456 2061 2484 2115 ‘t
2506 2062 2577 2115 At
2604 2061 2897 2134 quomodo
2920 2061 3211 2117 Damasus
3247 2075 3570 2131 germanam
3600 2072 3859 2113 sororem

2203 2151 2341 2207 totis
2374 2151 2809 2223 quinquaginta
2836 2154 3090 2223 quatuor
3129 2150 3324 2217 annis,
3360 2150 3516 2223 quod
3556 2153 3750 2204 tamen
3781 2161 3859 2201 ex

2204 2249 2451 2313 utroque
2502 2241 2832 2312 conﬁcitur,
2879 2240 3312 2314 praecessisset?
3344 2239 3619 2297 Consulto
3663 2235 3860 2308 adjeci

2200 2348 2541 2402 germanam,
2574 2330 2768 2403 qualis
2813 2348 2846 2386 a
2894 2331 3144 2387 Damaso
3192 2334 3355 2387 Irene
3404 2332 3644 2386 vocatur
3664 2327 3863 2408 (e),ne

2203 2420 2336 2492 quis
2366 2437 2464 2477 eos
2494 2420 2928 2493 consanguineos
2958 2425 3216 2486 tantum,
3256 2425 3320 2475 ut
3341 2419 3658 2476 canonistaa
3690 2413 3864 2487 loqu1

2203 2513 2425 2580 amant,
2460 2526 2575 2566 non
2599 2510 2736 2566 item
2760 2511 3004 2566 uterinos
3054 2510 3281 2577 fratres,
3316 2508 3695 2578 solutumque
3738 2504 3860 2559 hac

2204 2599 2427 2655 ratione
2474 2598 2837 2656 difﬁcultatis
2861 2600 3080 2656 nodum
3115 2598 3598 2671 putet.Demum,
3640 2594 3691 2650 si
3731 2593 3863 2650 Da-

2203 2689 2349 2745 masi
2380 2706 2590 2761 parens
2612 2688 2810 2760 aliam,
2826 2689 3018 2761 priore
3039 2705 3216 2745 uxore
3238 2686 3537 2756 defuncta,
3561 2683 3863 2742 subindu-

2200 2778 2401 2846 xisset,
2430 2795 2546 2851 quo
2594 2783 2760 2850 pacto
2795 2778 3158 2852 digamusﬂ‘)
3207 2778 3278 2833 ad
3318 2776 3537 2833 clerum
3579 2773 3865 2831 accedere

2202 2872 2303 2923 aut
2334 2869 2639 2940 presbyter
2668 2884 2931 2940 unquam
2966 2867 3224 2923 ordinari
3257 2865 3592 2939 potuisset?

2272 3002 2503 3073 Optime
2537 3000 2660 3057 haec
2709 3001 2911 3057 eadem
2942 3003 3251 3073 perspecta
3299 2998 3597 3064 Merenda,
3628 2999 3685 3052 et
3710 2999 3861 3053 ante

2202 3106 2338 3146 eum
2372 3089 2785 3146 Tillemontius
2806 3089 3085 3159 habuere;
3124 3105 3380 3162 cumque
3410 3086 3752 3147 alterutram
3782 3101 3867 3140 ex

2203 3181 2322 3238 illis
2341 3180 2848 3237 enuntiationibus
2871 3180 3200 3237 necessario
3215 3177 3423 3236 falsam
3438 3193 3569 3235 esse
3581 3172 3863 3249 agnovis-

447 3264 679 3319 sincera
701 3260 1159 3333 sint,collatione
1181 3278 1313 3318 cum
1337 3235 1602 3333 ejusdem
1629 3235 1923 3334 epitaphio
1938 3280 1971 3318 a
1991 3263 2094 3319 Da-
2120 3235 2165 3304 α
2205 3235 2798 3343 gangadvepgusrAcia
2814 3235 3295 3344 pronuntiarunt;
3312 3270 3471 3343 prior
3493 3267 3591 3324 ille
3611 3235 3864 3340 quidem

447 3370 610 3409 maso
662 3352 987 3423 composito
1017 3352 1294 3407 neminem
1325 3355 1655 3422 negaturum
1683 3367 1796 3408 esse
1823 3354 2095 3408 Merenda

453 3442 672 3514 profert
700 3440 776 3513 (ά)
797 3439 1055 3497 Romanis
1080 3440 1270 3495 itidem
1289 3441 1598 3512 virginibus
1615 3442 2095 3498 annumerandam

448 3538 661 3588 lrenem
682 3533 1108 3603 fore,magnum
1133 3530 1303 3586 nobis
1326 3530 1620 3603 negotium
1644 3532 1941 3589 exhibent.
1967 3533 2092 3589 Non

444 3622 717 3693 equidem
732 3620 983 3689 inﬁcior,
1008 3619 1059 3675 si
1084 3619 1220 3676 hinc
1236 3620 1433 3676 Irenes
1450 3620 1669 3676 exitum
1688 3623 1759 3677 ad
1780 3640 2002 3679 annum
2028 3625 2096 3678 12

445 3710 825 3782 pontiﬁcatus
843 3708 1159 3779 Damasi,id
1185 3709 1513 3781 est,Christi
1527 3710 1646 3766 378.
1668 3716 1840 3782 prout
1856 3712 1913 3766 in
1935 3714 2093 3769 Actis

452 3800 724 3868 habetur,
746 3798 1091 3867 referamus,
1112 3799 1249 3855 inde
1288 3816 1444 3871 vero,
1469 3817 1538 3857 ex
1553 3801 1850 3873 epitaphio
1873 3803 2098 3860 scilicet

445 3888 683 3943 vixdum
707 3903 836 3943 eam
860 3888 1161 3945 vicennem
1187 3889 1459 3946 denatam
1484 3890 1670 3946 fuisse
1690 3890 2093 3960 elicimus,no-

448 3981 631 4032 stram
664 3977 734 4033 de
762 3980 962 4034 Irenes
996 3977 1206 4049 patria,
1240 3978 1505 4050 denaque
1527 3980 1784 4035 Romano
1815 3980 2004 4051 ipsius
2024 3996 2095 4036 ex

519 4100 599 4172 (a)
620 4102 1177 4177 Merendauunnot.
1236 4104 1299 4157 in
1355 4103 1682 4174 epigramm.
1732 4108 1851 4160 Hac
1900 4105 2089 4177 Pater,

449 4176 583 4240 etc.,
615 4173 711 4253 35,
738 4190 863 4253 pag.
894 4174 1022 4253 241)
1044 4192 1071 4253 _:
1108 4176 1431 4253 Quanquam
1478 4177 1659 4253 igitur
1688 4176 1814 4244 (ait)
1834 4173 2094 4253 __Da_masi

446 4246 624 4317 nostri
653 4250 812 4317 pater
849 4246 1120 4317 ascriptus
1150 4246 1322 4317 fuerit
1349 4249 1537 4301 sancti
1574 4248 1866 4303 Laurentii
1905 4247 2088 4312 titulo,

457 4314 605 4392 nihil
656 4314 844 4371 Obstat
890 4314 1181 4392 quominus
1208 4320 1463 4392 notarius
1492 4327 1545 4392 et
1574 4329 1829 4392 exceptor
1858 4337 1970 4375 esse
1996 4336 2093 4392 po-

448 4387 616 4459 tuerit
658 4402 757 4455 pro
786 4390 1018 4457 septima
1064 4391 1288 4459 regione
1333 4387 1822 4447 ecclesiastiea'cui
1861 4387 2097 4449 basilica

451 4458 562 4512 illa
593 4458 998 4514 accensebatur.

516 4530 589 4591 (ὁ)
609 4529 928 4584 Antonium
952 4530 1008 4583 in
1034 4529 1275 4585 basilica
1290 4533 1477 4587 sancti
1500 4532 1793 4588 Laurentii
1826 4534 1905 4589 ad
1934 4533 2086 4591 thea-

2209 3363 2545 3420 tevissimam
2571 3360 2804 3417 illorum
2814 3361 2977 3431 ﬁdem
2993 3364 3053 3417 in
3073 3365 3367 3433 utramque
3382 3361 3596 3433 partem
3616 3372 3744 3414 esse
3766 3356 3863 3411 af-

2208 3453 2451 3508 ﬁrmans
2469 3451 2568 3523 (g);
2595 3451 2884 3523 posterior
2910 3467 3045 3507 vero
3064 3454 3286 3524 quanta
3309 3467 3377 3507 ea
3402 3447 3703 3505 suntinter
3725 3444 3871 3501 ani-

2204 3540 2283 3597 lia
2306 3544 2642 3598 commenta
2685 3540 2942 3596 referens
2986 3540 3086 3613 (h).
3139 3544 3362 3596 Horum
3396 3555 3502 3595 nos
3549 3538 3774 3592 interea
3800 3533 3867 3589 si

2205 3630 2490 3703 placitum
2522 3628 2694 3701 sequi
2746 3628 3043 3697 volumus,
3090 3630 3360 3702 expedita
3391 3625 3695 3701 responsio
3722 3627 3861 3694 est;

2206 3736 2401 3777 verum
2428 3736 2561 3775 cum
2590 3718 2649 3773 in
2682 3718 2862 3788 Actis,
2886 3718 2935 3774 si
2960 3719 3394 3792 praejudicatam
3424 3718 3688 3789 ipsorum
3716 3729 3866 3769 cum

2204 3808 2504 3881 epitaphio
2528 3806 2962 3863 dissensionem
2986 3809 3190 3864 demas
3212 3806 3359 3863 nihil
3384 3806 3638 3878 nonjam
3664 3808 3720 3860 et
3739 3802 3870 3859 sibi

2203 3901 2497 3964 constans,
2539 3901 2597 3952 et
2634 3912 2768 3952 cum
2799 3895 2931 3953 aliis
2963 3914 3089 3969 qua)
3121 3897 3405 3953 historica
3434 3896 3550 3951 ﬁde
3582 3894 3867 3950 nituntur

2202 3984 2437 4057 Optimae
2470 3984 2754 4041 cohaerens
2788 3985 3116 4058 reperiatur
3146 3984 3234 4059 (i),
3269 3989 3548 4058 praeterea
3589 3999 3723 4040 cum
3786 3999 3864 4039 ea

2273 4102 2340 4171 (Ι)
2362 4099 2681 4173 Nollemde
2703 4102 2962 4173 digamia
2982 4100 3691 4173 inﬁdelium,autdebinis
3713 4115 3866 4155 sue-

2201 4174 2424 4255 cessive
2438 4189 2513 4255 nu
2523 4172 2657 4255 ptiis
2668 4190 2700 4227 a
2714 4171 2951 4255 Damasi
2966 4181 3134 4255 patre
3143 4178 3346 4255 anteet
3361 4178 3489 4245 post
3500 4171 3859 4255 baptismum

2203 4242 2719 4317 contractis,hunc
2750 4244 2945 4301 locum
2966 4242 3042 4301 ab
3085 4242 3381 4317 aliquibus
3417 4242 3618 4314 accipi.
3653 4243 3859 4306 Quan-

2210 4333 2387 4388 quam
2410 4315 2623 4389 etenim
2651 4316 2818 4387 ipsis,
2842 4323 2906 4371 ut
2927 4322 3086 4389 puto,
3115 4315 3338 4372 Damasi
3361 4320 3623 4389 tempore
3656 4331 3863 4389 quies-

2215 4387 2297 4443 tio
2319 4390 2388 4442 de
2408 4387 2515 4442 hoc
2535 4393 2883 4459 argumento
2914 4387 3272 4455 emersisset;
3316 4387 3685 4457 fuissentque
3712 4387 3861 4459 qui-

2210 4460 2323 4515 bus
2355 4456 2692 4529 nuptiarum
2727 4461 2784 4515 in
2816 4460 3161 4516 inﬁdelitate
3192 4456 3601 4529 multiplicitae
3624 4456 3863 4513 nullam

2204 4530 2699 4602 irregularitatem
2724 4532 3000 4587 inducere
3020 4533 3339 4600 videretur,
3374 4531 3433 4585 in
3456 4546 3577 4602 qua
3611 4534 3861 4602 senten-

448 4604 606 4674 ἐντινηῄ
627 4602 882 4674 Pompeii
904 4601 1269 4674 ministrasse
1295 4604 1526 4658 Damasi
1561 4604 1895 4660 testimonio
1912 4622 2079 4662 cons-
2118 4609 2168 4672 ι)
2199 4603 2279 4658 tia
2310 4599 2701 4674 Hieronymus
2732 4604 2843 4658 iuit
2874 4603 3072 4674 (Epist.
3124 4603 3195 4659 ad
3240 4599 3561 4673 Oceanum),
3606 4599 3861 4674 Siricius

448 4677 549 4747 tat;
578 4672 649 4729 de
668 4671 917 4747 Damaso
946 4672 1239 4747 nonitem,
1263 4692 1394 4731 cum
1421 4676 1619 4747 plures
1640 4681 1835 4732 essent
1855 4676 1913 4731 in
1938 4678 2090 4735 Urbe
2124 4671 2145 4672 ί
2201 4680 2397 4729 tamen
2422 4671 2547 4729 eam
2569 4674 2728 4729 litem
2757 4671 3015 4747 diremit,
3041 4675 3197 4730 idem
3222 4675 3294 4729 de
3317 4671 3859 4747 nuptiisiomnibus

440 4746 565 4819 jam
590 4761 623 4799 a
647 4746 853 4819 primis
880 4745 1108 4819 saeculis
1133 4745 1445 4803 Laurentio
1469 4748 2090 4819 aedesinscriptzeOm-

449 4814 1035 4890 niumfceleberrima
1080 4822 1254 4888 atque
1295 4820 1791 4890 antiquissimain
1816 4814 1954 4890 219νο
1990 4825 2092 4876 Ve-

446 4904 583 4961 rano
610 4888 879 4959 fuit,quo
929 4888 1052 4944 loco
1091 4906 1267 4945 sacrae
1317 4888 1505 4961 ipsius
1547 4892 1764 4946 exuviae
1816 4888 1886 4946 ad
1941 4892 2091 4947 hanc

447 4958 598 5014 diem
634 4958 1029 5027 asservantur,
1062 4958 1357 5031 alteraque
1392 4967 1566 5018 estex
1606 4981 1683 5017 v11
1715 4963 1899 5019 sacris
1922 4963 2093 5020 Urbis

446 5031 709 5087 ecclesiis
733 5031 907 5104 vulgo
935 5049 947 5086 :
971 5034 1083 5088 San
1110 5034 1353 5090 Lorenzo
1383 5034 1534 5102 [uari
1563 5034 1703 5091 delle
1733 5036 1905 5092 Mura.
1941 5035 2089 5100 Quid

445 5105 641 5178 autem
665 5104 719 5178 si
737 5105 1007 5159 dicamus
1028 5104 1100 5158 ob
1128 5105 1415 5178 Laurentii
1440 5105 1721 5178 reliquias
1744 5107 1880 5164 huic
1902 5108 2091 5164 eccle-

446 5174 544 5228 siae
579 5177 897 5246 ascriptum
926 5178 1238 5231 Damasum
1274 5177 1493 5231 fuisse?

528 5245 601 5321 (ο)
628 5248 716 5302 Ad
736 5245 905 5303 diem
936 5248 1001 5302 21
1040 5248 1313 5303 Februar.
1349 5250 1525 5319 (Tom.
1557 5251 1650 5319 III,
1679 5267 1803 5321 pag.
1834 5251 1961 5317 245,
1982 5251 2079 5305 Ed.
2136 5304 2139 5307 Α

480 5316 497 5341 ν

458 5316 737 5472 ἶϐίξθβ
770 5389 841 5472 de
871 5389 1627 5472 Damasincarmipibnnpag.
1651 5393 1775 5472 141.
1812 5397 1880 5448 At
1902 5394 2090 5463 siquae

448 5458 594 5513 Actis
628 5457 753 5539 illis
783 5461 1003 5539 (Irenes
1033 5461 1276 5539 scilicet)
1307 5463 1439 5539 ﬁdes
1468 5457 1661 5539 haberi
1698 5472 1887 5533 potest,
1929 5457 2091 5539 me

447 5534 754 5656 netgaverit,
784 5534 917 5604 quin
953 5535 1110 5589 Irene
1140 5534 1399 5591 Romanis
1414 5534 1733 5605 virginibus
1760 5536 2093 5592 accensenda

453 5616 503 5655 si
536 5641 550 5656 .

507 5689 577 5753 (ε)
607 5689 678 5740 Te
696 5691 938 5744 ϐιιιωΑ
964 5706 1144 5753 sonos,
1178 5697 1348 5746 nostri
1378 5709 1524 5746 nunc
1553 5694 1704 5745 testis
1733 5697 1930 5746 amoris

1166 5757 1417 5820 (Damam,
1454 5760 1510 5809 in
1536 5757 1809 5822 epitaphio
1837 5759 2061 5823 Irenes.)

2202 4751 2490 4801 statuens.
2523 4747 2723 4817 (Epist.
2753 4747 2819 4800 ad
2848 4746 3061 4802 Himer.
3096 4748 3340 4812 Tarrac.,
3370 4744 3500 4817 cap.
3544 4745 3631 4817 10,
3666 4744 3757 4814 11)
3787 4748 3855 4799 et

2200 4817 2417 4872 clarius
2440 4822 2571 4887 post
2590 4835 2722 4873 eum
2746 4819 3121 4874 Innocentius
3146 4819 3167 4874 Ι
3191 4820 3398 4889 (Epist.
3439 4816 3864 4889 adVictricium

2201 4886 2545 4957 Rothomag.,
2568 4905 2683 4959 cap.
2720 4890 2774 4954 6,
2799 4907 2885 4962 ap.
2921 4886 3206 4947 Labbeum‘
3228 4886 3359 4946 (om.
3378 4891 3473 4960 111,
3494 4886 3637 4956 Coit,
3667 4903 3855 4957 cone.,

2203 4962 2344 5016 Edit.
2386 4961 2590 5027 Venet.,
2619 4962 2721 5016 σοι.
2752 4961 2829 5031 9).

2271 5032 2349 5103 (g)
2378 5032 2654 5087 Merenda
2710 5033 2807 5103 (De
2860 5033 3085 5088 Damasi
3140 5032 3548 5101 carmin.,§1t
3600 5047 3757 5086 num.
3795 5032 3859 5101 1,

2196 5102 2323 5174 pag.
2360 5104 2502 5173 144).
2534 5103 2639 5159 Sed
2681 5102 2945 5159 latorum
2996 5103 3231 5159 illorum
3281 5106 3524 5174 (Irenes,
3580 5102 3860 5167 scilicet),

2200 5180 2261 5230 ut
2280 5191 2481 5248 rerum
2510 5180 2706 5248 fatear,
2740 5175 3019 5232 levissima
3043 5193 3271 5248 prorsus
3301 5179 3489 5232 utram
3536 5176 3599 5229 in
3636 5183 3868 5246 partem

2198 5245 2341 5303 velis
2370 5246 2681 5301 auctoritas
2703 5252 2804 5303 est.

2270 5318 2350 5388 (h)
2379 5316 2708 5401 Tillemont.
2739 5320 2910 5445 (Tom.
2949 5318 3062 5402 ιζιιι
3096 5336 3223 5445 pag:
3249 5319 3357 5373 773
3385 5317 3447 5373 in
3494 5316 3665 5389 Not),
3695 5316 3869 5372 Αἰτιςί

2270 5397 2336 5445 tte
2364 5392 2509 5445 meae
2538 5393 2704 5445 (Acta
2768 5406 2935 5445 renes
2976 5395 3095 5445 inte
3123 5391 3274 5445 limtl
3325 5397 3457 5445 neut
3513 5404 3705 5445 cacare
3738 5392 3869 5445 atra

2198 5397 2336 5445 cette
2361 5392 2509 5461 piece
2538 5393 2704 5464 (Acta
2739 5391 2935 5445 Irenes
2976 5391 3293 5464 intelligit),
3324 5397 3475 5464 peuti
3513 5404 3705 5464 cacare
3738 5392 3869 5445 are

2199 5464 2336 5517 mise
2366 5460 2519 5517 entre
2547 5462 2710 5517 cette:
2739 5464 2837 5534 qui
2865 5460 3095 5534 rendent
3126 5460 3196 5518 ια’
3213 5463 3297 5534 [oi
3324 5460 3415 5519 des
3453 5461 3713 5534 Espagols
3738 5464 3865 5531 fort

2200 5536 2443 5604 suspecta
2471 5549 2541 5590 en
2570 5532 2802 5589 muliere
2825 5532 3131 5590 d’histoire.

2255 5603 2609 5688 (i)_Exag_erat
2616 5605 2859 5688 quidem
2872 5604 3560 5688 TillemontiusA‘ctoi-uin
3575 5603 3709 5688 styli
3722 5603 3867 5660 bar-

2201 5676 2509 5762 bariemtl‘i
2515 5694 2587 5733 on
2611 5676 2804 5733 tamen
2826 5681 2967 5762 sunt
2987 5677 3218 5762 adeppt
3244 5681 3412 5762 putat
3427 5676 3723 5762 informia;
3743 5692 3865 5762 nee

2203 5747 2252 5804 si
2266 5749 2751 5821 essent,ipsorum
2768 5752 3068 5822 propterea
3083 5749 3230 5807 ﬁdes
3243 5747 3480 5806 inﬁrma
3502 5748 3865 5807 redderetur
