4156 6328
291 386 401 442 573

1237 388 1709 445 DISSBRTATIO
1743 388 1840 442 DE
1878 387 2176 443 DAMASO
2216 390 2308 443 ET
2343 392 2780 447 LAURENTIO.

3614 389 3721 445 574

294 509 499 567 claris.
551 512 785 567 nostras
805 510 1063 566 Thomas
1094 511 1165 567 de
1196 512 1443 568 Herrera
1462 512 1949 584 Augustinianus,
1985 512 2039 578 Α
2068 510 2125 565 in
2144 511 2501 583 virginitatis
2535 514 2835 586 proposito
2868 528 3240 586 permanens,
3286 516 3465 585 atque
3496 514 3554 567 in
3589 512 3715 569 dies

297 600 395 655 cui
418 601 475 654 in
502 616 564 655 re
615 598 750 654 facti
781 600 957 655 ﬁdem
989 600 1267 672 derogare
1290 605 1454 657 nefas
1474 608 1648 669 esset,
1669 618 1739 655 cx
1764 618 1958 672 perve-

296 692 458 745 tusto
490 688 866 761 Hispaniensi
899 689 1315 762 Martyrologio
1335 692 1562 747 eruisse
1582 696 1828 746 testetur
1856 692 1955 763 (ιι),

301 777 419 832 alia
449 777 617 848 prius
649 776 850 833 omnia
879 779 1127 850 experiri
1159 781 1441 851 Oportuit,
1475 798 1652 851 quam
1680 782 1954 836 Actorum

298 866 513 922 veritas
530 866 589 922 in
609 868 949 923 universum
965 869 1583 941 traduceretur.Atque
1596 887 1701 942 ego
1718 871 1953 942 quidem

299 956 570 1028 ipsorum
621 972 884 1026 causam,
917 957 1127 1013 saltem
1180 959 1377 1030 qualia
1425 961 1713 1033 Tamayus
1759 965 1956 1015 noster

294 1046 592 1117 evulgavit
630 1046 726 1117 (b),
769 1045 929 1103 nullo
966 1052 1136 1119 pacto
1168 1050 1447 1104 tuendam
1482 1050 1540 1104 in
1573 1066 1664 1105 me
1696 1049 1953 1121 recipio;

293 1136 413 1193 imo
436 1153 508 1192 ex
531 1136 709 1207 hujus
728 1138 1005 1206 auctoris,
1028 1140 1382 1210 cateroquin
1407 1140 1754 1205 doctissimi,
1788 1140 1955 1211 inge-

290 1225 413 1293 nio,
433 1230 611 1298 atque
626 1242 695 1282 ex
717 1228 1048 1299 argumenti
1081 1227 1546 1301 importunitate,
1578 1229 1955 1285 vehementer

290 1315 568 1387 suspicor
615 1317 845 1372 Damasi
900 1318 1148 1388 patriam
1200 1333 1505 1391 genusque
1536 1318 1648 1374 sub
1678 1320 1948 1375 Actorum

288 1404 531 1460 initium
564 1405 917 1477 interpolata
933 1423 1081 1463 esse.
1104 1406 1184 1463 De
1202 1406 1311 1463 hoc
1329 1412 1526 1464 tamen
1544 1408 1643 1463 alii
1659 1408 1948 1479 judicent.

363 1496 514 1551 Illud
534 1496 679 1552 mihi
696 1502 857 1553 extra
876 1498 1333 1555 controversiam
1358 1499 1589 1554 videtur
1602 1500 1881 1571 positum,
1900 1499 1950 1555 si

295 1585 478 1641 semel
510 1586 884 1643 admittimus
918 1589 1109 1644 Irenes
1139 1588 1507 1660 epitaphium
1552 1607 1665 1644 non
1714 1590 1787 1644 ab
1835 1588 1949 1645 alio

294 1691 474 1746 quam
490 1675 563 1731 ab
579 1677 856 1731 Actorum
875 1674 1158 1747 scriptore
1176 1678 1282 1733 sub
1308 1677 1570 1749 ipsorum
1590 1679 1760 1732 finem
1785 1677 1949 1732 addi-

297 1768 425 1819 tum
474 1763 677 1829 fuisse,
712 1763 882 1836 longe
911 1781 1045 1820 eum
1079 1766 1307 1821 diverso
1359 1784 1423 1821 ac
1470 1766 1643 1839 vulgo
1695 1768 1952 1823 creditur

295 1868 476 1907 sensu
501 1869 736 1909 versum
771 1852 1069 1924 quintum,
1090 1870 1207 1926 quo
1241 1854 1433 1911 Irenes
1464 1860 1601 1911 atas
1631 1855 1944 1924 indicatur,

293 1941 673 1998 intellexisse.
703 1943 984 1997 Merenda
1003 1943 1242 2014 quidem
1268 1960 1333 1998 ac
1356 1942 1729 2001 Tillemontio
1760 1962 1828 1999 ex
1860 1961 1951 2001 re-

290 2035 486 2103 cepto,
515 2030 599 2087 uti
623 2031 897 2099 arbitror,
920 2032 1295 2103 designanda
1327 2034 1513 2089 atatis
1543 2033 1602 2088 in
1635 2034 1951 2106 epitaphiis

294 2136 484 2189 more,
516 2120 663 2176 nihil
715 2121 980 2193 scrupuli
1031 2122 1341 2177 subortum
1376 2122 1559 2178 fuisse
1589 2123 1821 2179 videtur
1849 2125 1945 2195 (ε),

290 2210 435 2282 quin
462 2214 687 2266 tractus
710 2210 791 2267 bis
811 2211 977 2267 denas
999 2213 1204 2267 hiemes
1235 2212 1434 2269 nedum
1464 2214 1850 2285 compleverat,
1884 2218 1949 2269 ut

289 2300 348 2354 in
398 2315 467 2355 eo
507 2316 683 2371 quem
710 2300 969 2356 diximus
995 2318 1167 2356 versu
1204 2302 1436 2374 legitur,
1470 2303 1542 2358 ad
1576 2320 1796 2358 annum
1830 2320 1946 2375 quo

289 2390 482 2444 vivere
534 2389 698 2444 lrene
727 2390 903 2446 desiit
929 2391 1268 2447 referendus
1318 2392 1429 2460 sit;
1478 2394 1631 2464 quod
1663 2398 1720 2448 et
1750 2394 1944 2465 ipsum

292 2476 438 2531 mihi
465 2494 601 2533 cum
629 2480 819 2551 primo
841 2496 973 2535 eum
997 2497 1231 2537 versum
1254 2481 1505 2554 legerem
1531 2484 1944 2539 accidissenon

290 2567 586 2635 diffiteor;
621 2585 819 2625 verum
849 2571 947 2625 ubi
979 2571 1332 2627 sententiam
1365 2573 1509 2628 satis
1544 2589 1645 2643 per
1674 2590 1736 2628 se
1758 2574 1944 2629 ambi-

289 2671 495 2726 guam,
519 2660 601 2722 et,
623 2656 671 2713 si
693 2657 753 2713 in
773 2674 839 2714 eo
863 2675 1039 2715 sensu
1074 2660 1414 2732 accipiatur,
1439 2678 1553 2717 non
1584 2679 1701 2718 uno
1733 2664 1791 2718 in
1820 2663 1944 2719 loco

288 2744 446 2800 Actis
474 2761 602 2815 qua
637 2748 808 2803 modo
841 2755 1304 2820 pracesserante
1327 2751 1562 2822 regione
1591 2752 1943 2809 contrariam

286 2834 686 2905 deprehendo,
706 2836 875 2892 facile
898 2839 1231 2909 persuaderi
1266 2856 1477 2911 passus
1509 2858 1640 2896 sum
1667 2846 1943 2898 Actorum

284 2925 636 2995 scriptorem
662 2941 791 2980 eam
816 2926 1121 2997 periodum
1148 2944 1260 2983 non
1286 2929 1356 2983 ad
1383 2930 1571 2984 atatis
1589 2947 1807 2985 annum
1830 2948 1944 3002 quo

284 3014 304 3068 Ι
312 3029 486 3068 renes
499 3014 750 3069 decessit
764 3016 862 3070 sed
880 3032 997 3086 quo
1014 3033 1118 3086 per
1129 3017 1485 3088 virginitatis
1501 3024 1633 3074 votu
1646 3036 1699 3073 rn
1714 3020 1943 3075 Christo

284 3119 349 3157 se
374 3103 592 3158 dicavit
614 3103 914 3172 retulisse;
940 3105 1110 3176 quasi
1135 3105 1467 3177 significare
1483 3109 1650 3164 nobis
1664 3110 1945 3165 voluisset

284 3192 580 3248 Damasus
610 3191 816 3249 Irenen
843 3194 901 3248 in
927 3194 1053 3266 ipso
1076 3196 1332 3266 juventae
1353 3196 1495 3253 flore
1512 3197 1795 3271 virginem
1826 3200 1942 3255 Deo

284 3287 690 3338 consecratam
727 3282 927 3339 fuisse.

360 3371 516 3426 Sane
533 3388 667 3427 cum
693 3372 743 3426 is
767 3370 928 3427 locus
946 3373 1419 3445 antiquariorum
1446 3375 1586 3431 vitio
1611 3382 1945 3449 corruptus,

288 3465 345 3516 et
374 3462 671 3515 sententia
702 3460 1129 3533 implexissima
1160 3464 1257 3531 sit,
1284 3480 1389 3519 cur
1418 3464 1615 3535 potius
1646 3467 1716 3520 de
1748 3469 1945 3522 Irenes

290 3554 481 3605 morte
514 3566 692 3619 quam
714 3550 1009 3607 deemisso
1024 3553 1468 3624 peripsamvoto
1499 3554 1683 3626 accipi
1716 3556 1942 3625 debeat,

289 3654 537 3709 prorsus
567 3656 680 3695 non
703 3638 901 3707 video;
926 3656 1059 3696 cum
1082 3658 1113 3697 e
1134 3642 1427 3698 contrario
1451 3642 1638 3699 multa
1658 3643 1946 3699 nosindu-

288 3732 651 3784 cantuteum
665 3728 724 3783 in
742 3729 1060 3800 posteriore
1083 3747 1260 3786 sensu
1285 3732 1357 3786 ab
1370 3732 1645 3787 Actorum
1661 3732 1945 3805 scriptore

288 3820 641 3888 usurpatum
674 3822 969 3889 putemus.
992 3820 1113 3885 Quo
1144 3820 1299 3875 enim
1325 3819 1423 3876 ille
1454 3824 1642 3893 pacto,
1667 3824 1717 3877 si
1747 3824 1814 3877 ad
1840 3823 1944 3878 im-

286 3911 587 3962 maturam
620 3909 816 3963 Irenes
849 3912 1096 3964 mortem
1129 3908 1405 3981 respexit,
1428 3910 1791 3982 epitaphium
1824 3928 1939 3982 quo

278 3997 562 4051 Actorum
612 3996 824 4052 veritas
874 3996 1241 4069 apertissime
1290 4005 1749 4072 Oppugnaretur,
1783 4000 1939 4057 illico

276 4090 412 4157 post
434 4088 584 4142 Acta
610 4086 1022 4143 subdidisset?
1051 4092 1326 4144 Praterea
1352 4105 1485 4145 cum
1512 4090 1569 4144 in
1593 4090 1754 4147 Actis
1778 4091 1940 4149 lrene

345 4252 427 4317 (a)
455 4250 564 4319 Ap.
600 4247 704 4304 PP.
739 4247 1030 4321 Bolland.,
1064 4249 1135 4304 ad
1171 4248 1326 4305 diem
1357 4252 1420 4303 21
1457 4250 1733 4307 Februar.
1765 4254 1933 4321 (Tom.

272 4322 370 4388 III,
398 4337 530 4391 pag.
562 4320 689 4388 214,
723 4320 792 4376 de
821 4320 875 4376 S.
905 4322 1100 4392 lrene).

344 4393 425 4463 (ὸ)
454 4392 625 4462 Apud
658 4393 821 4447 eosd.
856 4392 1147 4461 Bolland.,
1182 4392 1325 4448 ibid.

364 4465 417 4537 ρ)
439 4468 591 4519 Loco
606 4463 883 4537 iproairnc
909 4465 1178 4537 allegato.

364 4468 417 4535 c)
439 4468 591 4519 Loco
619 4468 883 4534 proxime
909 4468 1178 4537 allegato.

338 4468 424 4607 ἑά)
452 4542 564 4607 Ap.
603 4536 704 4591 PP.
739 4535 1006 4593 Bolland.
1040 4537 1120 4607 (2|
1160 4538 1341 4605 Febr.,
1379 4544 1507 4592 tom.
1541 4538 1638 4603 III,
1661 4554 1719 4609 ρ.
1751 4539 1880 4612 245)
1916 4557 1929 4597 :

331 4626 445 4690 Hoc
476 4624 683 4673 tumulo
715 4630 923 4690 sacrata
942 4627 1055 4690 Deo
1087 4638 1233 4675 nunc
1262 4626 1504 4690 membra
1534 4627 1838 4690 quiescunt.

331 4687 426 4752 llic
454 4700 607 4752 soror
636 4691 716 4735 est
740 4687 952 4752 Damasi
986 4703 998 4737 :
1028 4700 1224 4737 nomen
1256 4687 1299 4738 si
1331 4687 1747 4752 quaris,'lrene.

329 4750 562 4799 Voverat
591 4749 708 4799 hac
737 4764 851 4798 sese
882 4751 1088 4800 Christo
1120 4764 1240 4799 cum
1274 4749 1381 4801 vita
1406 4756 1665 4809 maneret,

328 4812 563 4877 Virginis
592 4817 649 4861 ut
680 4813 929 4861 meritum
959 4818 1178 4863 sanctus
1208 4815 1383 4875 pudor
1414 4814 1529 4873 ipse
1561 4816 1831 4877 probaret.

330 4876 423 4925 BIS
454 4888 611 4924 DEHAS
644 4889 822 4923 HIBIIBS
855 4889 1057 4926 NECDUI
1093 4889 1441 4926 COIPLBVEBAT
1474 4876 1626 4927 AETAS.

326 4938 581 5003 Egregios
611 4952 791 4987 mores
820 4939 943 4988 vita
966 4944 1310 5003 pracesserat
1343 4944 1489 5003 atas,

326 5002 1118 5067 Propositum_mentis,_pietas
1150 5004 1456 5067 veneranda
1483 5003 1677 5067 puella

328 5064 642 5121 Magniﬁcos
676 5063 883 5112 fructus
912 5064 1135 5113 dederat
1164 5063 1675 5117 melioribus'annis.

326 5128 394 5177 Te
427 5125 642 5192 [Forsan
670 5140 688 5174 :
718 5126 865 5193 Hac]
912 5140 1169 5190 germana
1207 5142 1373 5189 soror,
1398 5131 1566 5179 nostri
1594 5143 1739 5255 n[unc
1772 5130 1921 5204 testis

1638 5205 1853 5241 amoris.

1638 5205 1853 5241 amoris.

324 5253 457 5302 Cum
483 5250 1207 5317 fugeretmundumdederat
1228 5254 1359 5303 mihi
1384 5255 1577 5317 pignus
1607 5250 1918 5305 honestum.

322 5316 465 5374 Qun
490 5312 789 5379 [sarazan.,
821 5314 1011 5381 Quam]
1043 5316 1140 5365 sibi
1173 5330 1292 5365 cum
1320 5312 1535 5444 rapere}
1556 5317 1743 5388 melior
1789 5322 1919 5428 tlunc

622 5436 680 5444 η
964 5439 975 5444 _
1080 5439 1137 5444 __
1491 5443 1497 5444 γ
1541 5393 1683 5443 regia
1713 5394 1793 5444 cae
1820 5396 1852 5429 ι.

1541 5393 1683 5430 ιἐαιει
1713 5393 1852 5430 εαξη.

321 5443 437 5491 Non
458 5453 603 5490 mum
621 5436 913 5504 [Sarazan.,
939 5439 1137 5506 timuit]
1159 5446 1384 5491 mortem
1406 5395 1918 5570 εωιέξεὲιέἓὲῗέἐέη

1664 5520 1693 5555 a
1736 5520 1809 5556 ire
1839 5542 1851 5555 .

1664 5507 1851 5556 adiret.

321 5566 423 5617 Sed
457 5580 605 5617 oocm
641 5577 827 5614 runca
864 5578 1135 5617 consonus
1172 5581 1389 5616 PIRDERI
1420 5581 1543 5617 vna
1578 5582 1592 5618 :

319 5631 472 5691 Nunc
497 5630 749 5679 veniente
777 5628 885 5691 Deo
916 5630 1084 5679 nostri
1114 5631 1454 5680 reminiscere
1483 5630 1635 5691 virgo

318 5694 381 5742 Et
410 5690 711 5757 [Sat-aram,
741 5690 826 5756 Ut]
852 5694 946 5742 tua
975 5705 1073 5756 per
1100 5691 1390 5743 Dominum
1421 5690 1637 5762 prastat
1664 5692 1797 5742 mihi
1838 5693 1913 5744 la-

1471 5750 1616 5819 [cuia
1645 5752 1845 5807 lumen.

1497 5767 1616 5806 οιιια
1645 5767 1845 5807 iumen.

2067 602 2722 673 proficiensinducatur,
2741 621 2873 659 cum
2893 604 3176 659 Damasus
3210 602 3584 657 renuntiatus
3609 602 3720 657 fuit

2065 692 2343 762 pontifex,
2369 709 2483 761 qua
2504 694 2727 749 ratione
2754 693 3073 749 credidisse
3100 692 3287 764 potuit
3320 691 3553 748 illorum
3574 691 3719 747 scri-

2065 784 2198 851 ptor
2217 798 2342 837 eam
2377 784 2636 838 nondum
2660 784 2987 851 vicennem,
3012 799 3163 837 anno
3197 782 3573 853 pontiﬁcatus
3605 781 3720 837 Da-

2066 871 2214 925 masi
2241 872 2305 925 12
2328 871 2479 927 diem
2500 872 2861 938 obiisse,nisi
2878 872 3479 927 simulcrederetante
3494 887 3716 927 annum

2064 964 2335 1015 octavum
2368 960 2723 1031 virginitatis
2753 968 2950 1017 votum
3002 960 3292 1025 emisisse,
3330 976 3513 1031 eaque
3546 964 3716 1016 atate

2063 1054 2465 1121 nuncupatum
2485 1050 2597 1122 ipsi
2613 1068 2645 1105 a
2669 1052 2844 1106 fratre
2857 1052 3107 1106 Damaso
3124 1049 3389 1106 libellum
3416 1051 3487 1105 de
3509 1051 3712 1105 eodem

2062 1144 2407 1209 argumento
2429 1138 2456 1192 ‘?
2493 1140 2748 1211 Denique
2770 1157 2976 1196 versus
3006 1139 3447 1211 epigrammatis
3471 1138 3636 1209 alter,
3653 1139 3712 1196 in

2061 1243 2176 1297 quo
2206 1233 2491 1284 Damasus
2523 1230 2763 1286 doluis:e
2784 1230 2842 1284 in
2863 1230 3079 1285 sororis
3112 1228 3295 1297 obitu,
3318 1233 3545 1300 fatetur,
3576 1245 3709 1285 con-

2058 1319 2233 1373 sortia
2260 1319 2497 1389 perdere
2521 1322 2671 1387 vitae,
2708 1321 2850 1375 satis
2882 1320 3097 1375 indicat
3144 1336 3207 1375 ea
3254 1321 3491 1374 demum
3542 1323 3710 1375 atate

2061 1408 2265 1461 Irenen
2299 1407 2517 1464 obiisse
2547 1426 2685 1480 qua,
2709 1410 3119 1481 pradefunctis
3139 1408 3446 1481 utriusque
3464 1409 3713 1481 parenti-

2060 1495 2192 1565 bus,
2215 1513 2399 1552 unum
2424 1498 2675 1554 Damaso
2695 1499 3018 1570 repositum
3041 1503 3165 1554 erat
3182 1497 3239 1553 in
3266 1498 3453 1571 ipsius
3477 1514 3714 1553 conver-

2058 1584 2288 1641 satione
2318 1586 2615 1657 solatium,
2636 1588 2692 1643 id
2718 1589 2871 1658 quod
2912 1592 3158 1659 utroque
3192 1589 3248 1643 in
3280 1588 3511 1643 senium
3544 1586 3712 1642 incli-

2060 1678 2236 1729 nante
2267 1676 2582 1747 contigisse
2612 1677 3005 1732 verosimilius
3037 1682 3145 1733 est.
3178 1676 3293 1732 Nos
3339 1682 3558 1744 tamen,
3586 1676 3713 1747 epi-

2057 1768 2386 1831 grammate
2417 1764 2491 1835 (ά)
2534 1769 2705 1834 prout
2757 1765 2815 1819 in
2868 1764 3023 1820 calce
3079 1768 3352 1820 Actorum
3409 1766 3714 1820 exhibetur

2058 1851 2371 1924 descripto,
2402 1853 2698 1925 integrum
2731 1856 2802 1910 de
2834 1872 2901 1910 ea
2930 1871 2987 1910 re
3018 1854 3337 1911 lectoribus
3396 1854 3705 1910 arbitrium

2059 1943 2479 2012 permittimus,
2510 1945 2581 1999 ad
2614 1945 2843 2015 propria
2876 1944 3211 2000 redeuntes.

2129 2032 2320 2089 Unum
2354 2035 2533 2107 (quod
2570 2035 2763 2090 nescio
2787 2052 2857 2090 an
2879 2052 2911 2090 a
2936 2035 3207 2091 Merenda
3237 2034 3709 2091 animadversum

2057 2120 2157 2189 sit)
2172 2122 2427 2179 Romano
2452 2124 2634 2195 patris
2657 2124 2891 2181 Damasi
2908 2142 2974 2179 ex
2991 2124 3271 2195 Hispania
3292 2124 3500 2191 itineri,
3524 2129 3712 2197 utque

2057 2227 2241 2267 novus
2263 2211 2437 2268 homo
2455 2214 2511 2267 in
2537 2214 2756 2269 clerum
2783 2230 2811 2268 e
2834 2213 3079 2285 vestigio
3109 2219 3503 2285 cooptaretur,
3529 2230 3713 2286 nego—

2056 2300 2206 2355 tium
2226 2301 2394 2357 nobis
2408 2302 2757 2373 qualequale
2772 2304 2958 2357 facere
2978 2308 3187 2374 potest,
3206 2320 3389 2359 canon
3406 2302 3713 2358 scilicet2t

2055 2389 2392 2445 Eliberitani
2426 2391 2678 2457 concilii,
2708 2408 2823 2463 quo
2856 2392 3190 2463 pracipitur
3216 2394 3289 2462 (e)
3320 2408 3407 2448 eos
3433 2395 3530 2463 qui
3556 2408 3713 2463 pere-

2054 2493 2149 2548 gre
2180 2478 2449 2549 baptizati
2475 2482 2709 2549 fuerint,
2738 2496 2798 2536 eo
2827 2481 2969 2552 quod
2997 2497 3190 2536 eorum
3218 2481 3457 2537 minime
3484 2484 3713 2551 cognita

2055 2567 2126 2620 sit
2157 2568 2289 2634 vita,
2323 2568 2400 2623 ad
2438 2570 2653 2625 clerum
2683 2585 2794 2624 non
2825 2586 2940 2625 esse
2964 2571 3355 2641 promovendos
3398 2571 3460 2624 in
3504 2569 3713 2626 alienis

2054 2656 2375 2723 provinciis.
2403 2658 2561 2713 Idem
2595 2676 2710 2713 non
2747 2658 2931 2714 multo
2956 2663 3086 2730 post
3108 2676 3139 2713 a
3161 2659 3438 2714 Silvestro
3472 2676 3624 2731 papa
3647 2659 3709 2714 in

2056 2744 2300 2800 concilio
2331 2750 2592 2803 Romano
2624 2752 2862 2803 cautum
2897 2748 3078 2804 fuisse
3099 2748 3411 2803 Gratianus
3440 2748 3708 2819 refert(f);

2055 2839 2234 2905 atque
2248 2835 2450 2890 itidem
2466 2853 2499 2890 a
2513 2837 2957 2909 Carthaginensi
2974 2854 3049 2903 1v,
3063 2852 3283 2892 canone
3303 2838 3373 2891 24
3395 2837 3710 2909 repetitum

2054 2924 2326 2980 novimus
2346 2926 2441 2997 (g).
2468 2925 2590 2981 Imo
2613 2928 2685 2981 ob
2705 2926 3038 2997 frequentes
3071 2925 3527 2981 Manichaorum
3548 2927 3714 2981 frau-

2054 3012 2178 3081 des,
2203 3019 2406 3069 auctor
2424 3014 2555 3070 libri
2585 3016 2939 3071 Pontificalis
2958 3017 3029 3071 ab
3045 3016 3353 3072 Anastasio
3376 3018 3397 3071 Ι
3421 3017 3710 3073 constitu-

2053 3106 2181 3158 tum
2205 3103 2387 3159 fuisse
2412 3104 2494 3158 ait
2511 3104 2614 3175 (ἡ),
2640 3106 2880 3161 utnulla
2894 3107 3536 3161 rationetransmarinus
3556 3106 3713 3161 homo

2055 3191 2115 3247 in
2129 3194 2339 3248 elerum
2360 3192 2784 3262 admitteretur,
2799 3196 2915 3249 nisi
2930 3194 3172 3265 quinque
3198 3198 3575 3266 episcoporum
3593 3196 3709 3252 chi-

1974 3268 2016 3335 C
2057 3282 2335 3352 rographa
2362 3281 2693 3353 designaret.

2128 3372 2345 3424 Verum
2360 3386 2493 3423 cum
2519 3368 2728 3425 harum
2752 3370 3020 3425 omnium
3052 3370 3537 3426 constitutionum
3573 3389 3709 3427 sco-

2055 3475 2167 3530 pus
2186 3459 2236 3513 is
2250 3464 2503 3523 esset,ne
2517 3460 2686 3529 cujus
2699 3459 2815 3515 vita
2828 3460 3307 3530 conversatioque
3326 3476 3436 3514 non
3462 3459 3713 3515 fuissent

2052 3546 2384 3618 explorata,
2405 3549 2731 3603 secundum
2749 3548 2914 3603 Pauli
2929 3549 3191 3618 effatum,
3212 3548 3365 3605 clero
3382 3549 3712 3604 ascribere-

2054 3640 2172 3704 tur,
2198 3636 2387 3707 potuit
2419 3638 2722 3692 commode
2745 3638 2981 3693 Damasi
3006 3643 3191 3710 pater,
3219 3640 3710 3694 autcommenda-

2052 3724 2198 3779 titiis
2226 3724 2628 3796 episcoporum
2663 3725 3019 3795 litteris,aut
3050 3727 3159 3781 [ide
3191 3727 3505 3793 dignorum
3538 3728 3705 3783 testi-

2052 3814 2265 3868 moniis
2298 3817 2575 3869 anteacta
2600 3814 2727 3870 vita
2761 3814 3129 3870 honestatem
3161 3817 3573 3885 comprobare;
3602 3824 3704 3871 aut

2052 3902 2289 3958 demum
2304 3902 2362 3957 in
2376 3907 2747 3975 exceptoratu
2771 3902 3129 3959 constitutus
3147 3902 3204 3957 id
3223 3903 3700 3974 ﬁdei,probitatis

2049 3991 2470 4064 industriaque
2492 3993 2787 4065 specimen
2804 3993 3241 4065 prabere,quod
3258 3992 3370 4063 ipsi
3384 3992 3702 4048 absolutis-

2050 4081 2211 4137 sima
2236 4082 2596 4154 probationis
2616 4081 2805 4138 instar
2824 4082 3325 4138 esset.Damasiad
3345 4081 3465 4137 hac
3488 4082 3699 4153 pietas,

2120 4232 2177 4289 Si
2213 4232 2444 4289 Damasi
2495 4238 2752 4289 mentem
2785 4234 3054 4289 divinare
3084 4232 3278 4303 liceat,
3312 4232 3700 4290 existimarem

2047 4304 2205 4360 binis
2230 4306 2565 4378 quibusque
2596 4306 2863 4378 versibus
2890 4304 3160 4378 singulas
3184 4304 3244 4360 in
3270 4305 3375 4378 hoc
3409 4306 3703 4378 epigram-

2047 4382 2204 4432 mate
2220 4377 2492 4449 periodos
2514 4376 2760 4447 absolvi,
2788 4382 2851 4432 ut
2870 4376 3081 4433 sensus
3106 4377 3319 4448 prioris
3344 4378 3562 4449 periodi
3588 4377 3701 4434 sit:

2045 4450 2144 4503 Hic
2164 4447 2453 4518 requiescit
2473 4449 2630 4503 (rene
2646 4450 2877 4505 Damasi
2890 4466 3065 4505 soror.
3085 4447 3364 4505 Secunda
3383 4449 3702 4513 vero,binis

2044 4520 2145 4591 qui
2197 4524 2528 4590 sequuntur
2573 4521 2840 4576 versibus
2876 4540 2887 4577 :
2931 4524 3155 4577 Voverat
3198 4524 3316 4577 hac
3344 4537 3453 4576 sese
3482 4521 3701 4579 Christo

2041 4591 2196 4660 virgo
2224 4599 2509 4663 perpetua,
2538 4592 2746 4662 pudore
2764 4598 3016 4649 sanctum
3041 4594 3156 4664 ejus
3183 4592 3533 4662 propositae:
3556 4610 3698 4648 com-

2079 4664 2591 4745 robante.__'l‘ert_ia,
2626 4664 2829 4745 quinto
2861 4670 2917 4745 et
2948 4671 3107 4720 sexto
3139 4665 3405 4745 versibus
3441 4681 3704 4745 compre-

2038 4681 2325 4790 ﬁrooame.
2361 4681 2591 4729 tertia,
2626 4681 2829 4735 quinto
2861 4681 2917 4720 et
2948 4681 3107 4720 sexto
3139 4681 3405 4719 versunus
3441 4681 3699 4745 compre-

2084 4752 2236 4791 ensa
2272 4751 2284 4789 :
2324 4735 2433 4790 Vix
2473 4736 2604 4789 dum
2652 4736 2899 4791 vicennis
2925 4745 3063 4803 erat,
3098 4740 3149 4791 et
3180 4737 3418 4807 egregiis
3453 4737 3699 4790 moribus

2037 4816 2255 4863 aetatem
2283 4808 2599 4877 superabat.
2636 4811 2863 4874 Quarta
2896 4826 3090 4879 porro,
3113 4809 3362 4877 septimo
3382 4812 3437 4861 et
3452 4812 3654 4879 octavo
3682 4822 3697 4862 :

2036 4880 2391 4951 Propositum
2421 4884 2474 4933 et
2518 4882 2694 4951 pietas
2752 4878 2983 4951 virginis
3041 4880 3359 4951 magniﬁcos
3404 4878 3697 4951 ediderunt

2033 4948 2245 5020 fructus
2264 4953 2321 5005 in
2340 4950 2585 5021 juvenili
2604 4948 3061 5018 eiusa'em'atate;
3086 4948 3169 5005 sic
3201 4950 3356 5004 enim
3380 4948 3693 5021 verbailla,

2032 5020 2354 5078 melioribus
2371 5024 2535 5076 annis
2548 5023 2561 5075 i
2574 5024 2989 5093 nterpretanda
3006 5039 3232 5077 censeo.
3246 5022 3514 5093 Idautem
3534 5020 3695 5093 miri-

2032 5096 2139 5150 fice
2158 5091 2720 5160 confirmat,lrenen
2748 5112 2862 5150 non
2890 5095 3191 5150 vicennem
3225 5091 3466 5158 obiisse,
3493 5092 3589 5145 sed
3625 5107 3692 5147 ea

2032 5171 2198 5221 atate
2220 5165 2571 5235 virginitatis
2592 5171 2788 5221 votum
2814 5167 3101 5222 emisisse.
3128 5165 3339 5220 Catera
3361 5178 3477 5218 non
3501 5180 3689 5236 usque

2030 5239 2172 5293 adeo
2204 5237 2459 5308 implexa
2491 5242 2646 5293 sunt.

2100 5310 2171 5379 (c)
2202 5305 2308 5380 Ap:
2344 5309 2548 5374 Labb.,
2582 5314 2722 5363 tom.
2758 5309 2802 5376 l,
2836 5307 2976 5364 Coll.
3011 5307 3247 5376 concil.,
3282 5305 3390 5362 col.
3423 5306 3546 5362 995.

2100 5390 2165 5461 (f)
2186 5389 2323 5459 Cap.
2359 5390 2577 5457 Nullus,
2608 5390 2676 5442 98
2708 5389 2866 5457 dist.,
2891 5408 2983 5461 ap.
3008 5390 3080 5445 cl.
3112 5390 3279 5446 Ferd.
3314 5388 3685 5446 Mendozium

2025 5460 2111 5528 (de
2140 5462 2404 5531 Conﬁrm.
2438 5462 2631 5517 concil.
2664 5460 2943 5530 Eliberit.,
2970 5478 3097 5518 can.
3128 5464 3238 5529 24).

2066 5533 2173 5613 .(g)
2205 5538 2314 5659 Ag).
2336 5533 2534 5588 eumd.
2561 5533 2729 5588 Ferd.
2755 5533 3120 5590 Mendozium
3147 5534 3232 5606 (de
3262 5533 3522 5603 Conﬁrm.
3550 5548 3683 5588 con-

2066 5604 2117 5658 ll.
2152 5604 2244 5659 Eli
2281 5621 2385 5659 er..
2419 5621 2539 5659 can.
2573 5605 2688 5659 50).

2023 5605 2117 5659 cit.
2152 5605 2385 5671 Eliber.,
2419 5605 2688 5729 σαρηῦοέ.
3247 5676 3260 5690 ο
3404 5675 3417 5689 ο

2097 5674 2172 5749 (h)
2206 5678 2607 5749 In_Anastasio
2673 5716 2686 5742 ,
2713 5684 2763 5731 et
2796 5675 2977 5747 hujus
3003 5678 3295 5749 pontific1s
3327 5674 3575 5749 epistola
3606 5676 3687 5730 ad

2024 5747 2226 5804 omnes
2258 5747 2583 5804 Germania
2616 5751 2671 5802 et
2700 5747 3377 5823 Burgundfepiscopos,
3396 5763 3521 5818 cap.
3546 5748 3598 5801 2.
