4156 6328
327 236 436 291 585

1248 244 1719 301 DISSERTATIO
1756 247 1849 301 DE
1885 246 2183 302 DAMASO
2217 250 2310 304 ΕΤ
2346 252 2779 312 LAURENTIO.

3636 270 3745 326 586

325 366 497 437 queis
530 365 782 422 Manlius
812 364 1110 421 nitebatur
1157 370 1219 420 ut
1266 369 1643 424 Laurentium
1698 371 1975 425 Romanis
2008 374 2055 436 Α
2093 389 2383 429 ΝΑεοεΝηο
2413 392 2578 441 cxvxs,
2611 396 2767 433 sacer
2808 383 3086 453 minister,
3119 394 3170 440 et
3224 386 3471 445 dicatum
3527 398 3748 452 nomini

325 457 665 528 ascriberet,
690 474 724 512 a
750 457 821 512 c1.
843 457 1151 515 Francisco
1176 459 1437 513 Cttl‘t‘llllO
1456 462 1811 515 Cordubensi
1843 462 1983 514 alibi

326 564 584 615 expensa
610 547 710 618 (τι),
742 563 859 601 non
894 548 1073 600 multo
1126 553 1255 618 post
1280 549 1647 603 exactissime
1702 550 1768 603 acl
1808 550 1982 603 truti-

328 654 465 691 nam
500 640 895 701 revocassent,
928 653 1136 706 parum
1168 636 1252 691 eis
1285 636 1462 707 digna
1493 636 1616 691 visa
1638 644 1797 707 sunt,
1827 655 1894 693 ne
1920 644 1982 693 ut

326 731 800 798 proponerentur
831 725 1089 797 quidem.
1135 725 1211 779 Ad
1271 726 1467 783 Urbem
1516 732 1821 782 Romanam
1874 728 1979 797 (in-

326 817 541 887 quiunt
584 816 657 888 [ὁ]
704 817 851 887 quod
880 816 1096 883 attinet,
1132 817 1293 887 quasi
1316 820 1370 871 in
1404 834 1465 871 ea
1487 819 1698 872 natales
1728 819 1980 873 hauserit

322 908 679 971 Laurentius,
713 906 845 961 adeo
875 908 1027 961 omni
1072 906 1484 977 probabilitatis
1526 909 1704 978 specie
1761 908 1979 963 vitetur

321 997 556 1052 destitui
582 998 768 1067 opinio
799 1012 915 1066 qua:
948 999 1162 1062 asserit,
1188 1000 1246 1049 ut
1301 1012 1369 1050 ne
1427 997 1511 1052 vel
1568 1000 1802 1068 praponi
1857 1001 1973 1069 qui-

320 1087 469 1154 dem,
499 1086 705 1140 nedum
737 1087 978 1155 refutari
1006 1089 1298 1141 mereatur.

394 1168 521 1224 Non
554 1167 739 1239 pluris
772 1168 955 1222 fecere
988 1166 1345 1239 biographize
1366 1172 1702 1223 sanctorum
1727 1168 1971 1225 dictato-

318 1283 411 1321 res
437 1270 784 1339 argumenta
808 1264 1023 1335 quibus
1049 1264 1292 1319 Romani
1320 1265 1615 1321 Laurentii
1642 1266 1863 1321 natales
1886 1266 1972 1321 in-

316 1356 593 1410 nituntur
626 1371 639 1408 :
673 1355 845 1425 idque
878 1353 1088 1409 salutis
1147 1370 1299 1408 anno
1360 1355 1517 1422 1433,
1551 1372 1666 1427 quo
1727 1356 1965 1413 demum

314 1443 682 1499 sanctissimi
715 1443 988 1515 martyris
1035 1441 1231 1497 Vitam
1288 1446 1540 1515 Actaque
1599 1444 1859 1516 digerere
1892 1446 1965 1501 cl.

312 1535 525 1590 Joanni
559 1533 721 1589 Pinio
745 1533 1011 1603 contigit.
1040 1532 1150 1586 Sed
1178 1549 1304 1603 quae
1329 1549 1421 1588 res
1439 1532 1729 1588 humanas
1752 1550 1855 1604 pro
1884 1534 1966 1588 lu-

311 1624 515 1680 bidine
547 1622 736 1695 magis
770 1639 948 1695 quam
980 1639 1049 1677 ex
1071 1638 1204 1677 vero
1248 1622 1503 1677 celebrat
1555 1626 1657 1677 aut
1688 1623 1963 1679 obscurat

2089 464 2182 514 tuo
2213 479 2415 516 munus
2448 476 2543 519 mf.
2576 484 2728 537 ίτιιηηῑ)
2750 469 2884 525 ("mu

2160 554 2287 604 llrnc
2314 554 2407 605 ubi
2441 554 2695 625 primum
2732 559 3090 617 Blancliinus
3120 582 3149 616 ει
3199 565 3395 621 limine
3444 570 3742 641 salutavit,

2085 640 2393 696 verborum
2427 645 2619 715 specie
2646 647 2828 719 decipi
2865 650 3031 705 facile
3087 670 3319 724 passus,
3355 640 3741 719 Laurentium

2087 730 2272 799 patria
2295 731 2621 789 Romanum
2656 752 2684 789 e
2713 739 2957 810 vestigio
2991 743 3258 811 credidit,
3292 749 3662 820 veteremque
3684 756 3748 807 et

2085 820 2573 892 receptissimam,
2609 841 2739 895 quae
2770 827 3045 899 Hispanis
3080 832 3250 902 favet,
3285 837 3637 893 sententiam
3661 841 3733 896 ab

2082 909 2445 965 eruditorum
2482 913 2691 968 animis
2725 917 3078 974 eradendam
3111 922 3359 977 censuit.
3386 926 3509 990 Quo
3534 928 3735 986 minus

2083 1002 2278 1052 autem
2313 1016 2433 1055 rem
2467 1006 2709 1059 eatenus
2758 1005 3121 1071 inexpertam
3155 1011 3490 1082 sapientum
3541 1033 3729 1073 scena

2080 1090 2221 1141 tunc
2254 1089 2965 1165 committeret,graviores
2997 1098 3121 1153 alite
3154 1100 3213 1154 in
3247 1118 3392 1172 quas
3422 1103 3571 1161 ultro
3604 1123 3732 1163 sese

2077 1179 2405 1248 conjecerat
2436 1196 2587 1235 curae
2619 1181 2677 1237 in
2706 1201 2885 1240 causa
2917 1186 3096 1243 fuere.
3133 1189 3235 1245 Vix
3264 1191 3420 1247 enim
3454 1194 3606 1249 edito
3635 1200 3735 1253 Sa-

2077 1269 2488 1339 cramentario,
2522 1271 2796 1329 Leoniani
2829 1292 3040 1332 nomen
3072 1296 3317 1350 prorsus
3366 1281 3723 1352 inauditum,

2074 1355 2403 1428 titulusque
2435 1360 2629 1415 Codici
2684 1364 2977 1433 praeﬁxus,
3010 1383 3123 1437 quo
3178 1386 3213 1422 Α
3270 1386 3476 1426 smc'ro
3534 1376 3724 1431 Leone

2071 1460 2391 1502 consecras
2437 1448 2755 1519 dicebatur,
2791 1453 2872 1508 rei
2920 1453 3200 1527 liturgicaa
3232 1474 3298 1513 ac
3358 1459 3721 1519 bibliothecas

2070 1534 2473 1592 ecclesiasticae
2507 1538 2882 1609 peritioribus
2906 1543 3185 1614 innotuit,
3207 1564 3341 1603 cum
3362 1548 3721 1608 Blancbinus

2068 1621 2291 1677 violatae
2317 1624 2546 1682 critices
2565 1644 2697 1684 reus
2717 1630 2788 1684 ab
2813 1631 2959 1702 ipsis
2983 1632 3197 1702 dictus,
3223 1636 3341 1691 imo
3364 1637 3721 1709 injuriarum

311 1731 466 1779 sors,
501 1719 561 1767 ut
590 1719 773 1785 poetae
804 1712 1144 1782 loquuntur,
1159 1728 1225 1765 ea
1243 1712 1496 1781 profecto
1518 1712 1574 1766 in
1600 1710 1707 1765 hac
1730 1729 1962 1783 quoque
1993 1744 2040 1808 Β
2072 1712 2401 1783 postulatus
2425 1714 2553 1783 fuit,
2580 1718 2748 1787 quasi
2770 1719 2915 1776 falso
2932 1726 3726 1787 Sacramentariumsanctis-

312 1803 712 1876 disputatione
744 1800 949 1856 ludum
976 1800 1324 1855 insolentem
1356 1799 1411 1854 lu
1432 1799 1547 1855 lere
1568 1801 1691 1856 visa
1717 1807 1824 1857 est.
1850 1802 1957 1857 Vix

308 1894 467 1948 enim
506 1892 807 1950 biennium
836 1891 1159 1959 efﬂuxerat,
1190 1907 1321 1945 cum
1364 1906 1431 1945 ex
1463 1891 1686 1946 detecto
1717 1891 1956 1947 Veronae

305 1984 465 2039 circa
495 2000 564 2039 ea
591 1987 854 2053 tempora
883 1980 1349 2036 Sacramentario
1383 1980 1695 2035 missarum
1724 1980 1954 2049 Codice,

298 2074 364 2128 in
389 2091 507 2145 quo
530 2073 888 2128 eruditerum
917 2069 1684 2141 nonnulli,summiquidem
1701 2071 1952 2138 viri,non

296 2168 597 2232 tamen,ut
621 2162 890 2228 arbitror,
925 2160 1071 2215 satis
1102 2159 1400 2231 explorato
1422 2160 1694 2215 Codicum
1721 2160 1953 2232 liturgi-

300 2270 510 2309 corum
546 2253 799 2325 ingenio,
825 2268 1013 2323 neque
1046 2250 1389 2306 Ecclesiaein
1424 2250 1683 2321 ipsorum
1717 2251 1949 2306 ordina-

300 2344 463 2399 tione
480 2342 800 2414 proposito,
823 2341 1112 2396 Laurentii
1137 2340 1383 2411 patriam
1406 2339 1792 2395 disertissime
1813 2357 1953 2395 con-

298 2434 479 2489 tineri
512 2432 779 2488 arbitrati
812 2435 970 2498 sunt,
1004 2434 1169 2485 tanta
1200 2446 1394 2485 rerum
1418 2430 1795 2485 commutatio
1819 2447 1953 2486 con-

294 2529 507 2579 secuta
528 2526 637 2586 est,
664 2526 727 2577 ut
748 2521 795 2576 si
828 2520 960 2593 quis
979 2521 1100 2590 jam
1124 2519 1259 2574 alibi
1291 2535 1469 2590 quam
1488 2519 1545 2574 in
1570 2519 1722 2575 Urbe
1746 2526 1949 2576 natum

291 2612 941 2680 contendatmartyrem
968 2607 1447 2672 invictissimum,
1465 2607 1723 2663 difficilis
1745 2609 1947 2680 plane-

296 2719 417 2773 que
448 2702 769 2773 desperatae
800 2715 988 2755 causa:
1021 2697 1411 2770 patrocinium
1444 2698 1775 2769 suscepisse
1806 2715 1949 2754 cen-

297 2793 529 2847 sendus
561 2790 656 2846 sit.
688 2792 982 2861 Exponam
1015 2805 1135 2842 rem
1162 2804 1274 2858 quo
1306 2793 1471 2859 gesta
1500 2792 1589 2842 est
1619 2788 1839 2842 ordine.

376 2880 705 2937 Inclinante
736 2878 944 2936 salutis
976 2894 1130 2932 anno
1164 2877 1318 2945 1735,
1343 2876 1413 2930 cl.
1436 2876 1652 2947 Joseph
1686 2876 1952 2931 Blancbi-

297 2967 917 3041 nus,congregationis
946 2964 1197 3024 Oratorii
1231 2965 1477 3019 Romani
1503 2965 1825 3037 presbyter,
1849 2964 1953 3019 Ve-

293 3059 570 3115 ronensis
600 3058 739 3113 olim
764 3056 1101 3120 canonicos,
1126 3054 1267 3108 dum
1292 3052 1651 3108 absolvenda:
1675 3054 1951 3110 vaticanaa

290 3146 598 3203 Anastasii
624 3143 1053 3201 Bibliothecarii
1088 3143 1342 3198 Editioni
1365 3143 1565 3215 (quam
1589 3142 1949 3213 praestantis-

289 3240 511 3294 simam
535 3252 675 3291 sane
697 3233 1138 3289 illustrissimus
1162 3232 1503 3287 Franciscus
1527 3232 1654 3302 ejus
1682 3237 1948 3303 patruus,

292 3343 412 3399 quo
444 3330 707 3397 tempore
738 3328 926 3379 morte
956 3323 1317 3393 interceptus
1346 3322 1473 3389 fuit,
1508 3321 1785 3376 infectam
1819 3321 1948 3376 reli-

289 3416 523 3489 querat)
560 3413 843 3481 novisque
874 3411 1312 3467 accessionibus
1345 3410 1766 3482 locupletando:
1791 3415 1950 3467 totus

288 3506 605 3562 incumbit.
638 3503 840 3570 Quarti
872 3504 1000 3573 ejus
1059 3504 1253 3575 operis
1313 3503 1453 3558 torni
1513 3502 1948 3575 prologomenis

286 3599 445 3668 (Pag.
486 3596 673 3668 12-57)
707 3596 960 3651 inseruit
991 3600 1287 3667 repertum
1320 3595 1391 3649 ab
1432 3594 1557 3665 ipso
1591 3610 1707 3648 non
1762 3594 1949 3649 multo

292 3688 520 3758 pridem
538 3684 956 3741 inBibliotbeca
968 3702 1059 3739 am
1070 3682 1581 3755 plissimicapituli
1595 3682 1950 3739 Veronensis

296 3775 587 3841 Ecclesiae,
612 3773 1169 3839 Sacramentarium,
1202 3772 1259 3826 id
1294 3776 1405 3837 est,
1432 3771 1746 3826 missarum
1782 3772 1949 3826 Codi-

291 3883 421 3922 cem
440 3865 936 3930 vetustissimum,
958 3864 1073 3929 cui,
1092 3864 1140 3918 si
1160 3863 1337 3918 libere
1360 3861 1761 3933 philosophari
1786 3861 1947 3917 volu-

292 3972 451 4025 mus,
488 3955 661 4027 paulo
693 3970 871 4027 quam
892 3955 1198 4025 oportebat
1226 3952 1634 4023 properantius
1656 3952 1946 4006 Leoniano

290 4062 508 4101 nomen
543 4044 696 4114 fecit,
730 4044 839 4099 boc
871 4060 1003 4099 eum
1038 4041 1209 4097 titulo
1242 4040 1589 4112 simpliciter
1618 4040 1947 4096 inscribens

286 4136 479 4205 (Ibid.)
506 4152 518 4188 :
563 4134 745 4189 Codex
772 4134 1253 4189 Sacramentorum
1283 4134 1434 4185 vetus
1476 4133 1727 4186 Romanae
1759 4132 1941 4186 Eccle—

285 4226 393 4281 siae
419 4245 451 4280 Α
485 4241 696 4280 sanc'ro
722 4226 906 4279 Leone
939 4224 1090 4278 PAPA
1120 4223 1508 4277 Iconrecrus.
1544 4222 1604 4274 In
1638 4238 1704 4276 eo
1762 4222 1946 4293 igitur

286 4315 503 4371 Codice
536 4314 767 4381 ubisub
790 4313 1023 4368 initium
1046 4312 1297 4384 Augusti
1319 4311 1539 4365 mensis
1564 4310 1869 4382 multiplex
1888 4311 1943 4365 in

286 4402 473 4458 natali
506 4404 693 4458 sancti
729 4401 1025 4458 Laurentii
1054 4400 1322 4469 Martyris
1355 4399 1537 4453 missa
1589 4406 1943 4467 recensetur,

2069 1804 2219 1855 simo
2251 1804 2468 1873 potifici
2499 1806 2852 1864 attribuerit.
2885 1810 3066 1868 Totus
3098 1813 3280 1885 igitur
3308 1816 3367 1871 in
3398 1834 3463 1873 eo
3496 1823 3561 1874 ut
3590 1837 3720 1878 sese

2065 1896 2360 1962 purgaret,
2394 1898 2527 1964 post
2557 1895 2779 1952 varium
2804 1900 3229 1974 multiplexque
3262 1906 3715 1966 Sacramentarii

2063 1984 2691 2056 examen,crebrasque
2710 1987 2861 2044 ultro
2885 1990 3146 2063 citroque
3162 1995 3621 2055 consultationes
3637 2002 3710 2056 ad

2062 2068 2358 2137 sapientes
2390 2087 2493 2142 per
2526 2072 2755 2129 Italiam
2787 2077 2942 2133 viros
2973 2078 3251 2150 (quorum
3281 2098 3566 2157 responsa
3596 2106 3711 2144 non

2062 2157 2336 2229 ambigue
2366 2160 2543 2231 capiti
2576 2178 2682 2218 suo
2736 2164 3154 2236 impendebant
3190 2171 3285 2243 [e])
3316 2173 3431 2230 alte
3464 2174 3709 2232 imbibi-

2058 2248 2178 2300 tam
2212 2248 2283 2302 de
2309 2251 2572 2305 Romana
2594 2254 2889 2309 Laurentii
2922 2259 3111 2328 patria
3131 2262 3483 2320 sententiam
3516 2266 3706 2322 turbi-

2060 2335 2153 2390 dis
2184 2336 2375 2425 adhuc
2417 2340 2592 2395 rebus
2640 2358 2908 2413 promere
2958 2363 3074 2403 non
3125 2349 3266 2407 satis
3314 2358 3712 2425 opportunum

2061 2424 2248 2480 duxit.

2130 2513 2345 2571 Verum
2366 2517 2464 2571 ubi
2489 2534 2765 2590 processu
2784 2525 3065 2595 temporis
3088 2530 3342 2599 partium
3362 2534 3562 2588 studia
3582 2551 3713 2591 sen-

2060 2602 2286 2695 sim,iut
2315 2605 2400 2695 tit,
2436 2607 2797 2667 deferbuisse
2829 2614 3243 2673 animadvertit
3266 2618 3355 2674 vir
3375 2622 3714 2695 evulgandae

2063 2692 2325 2764 opinioni
2350 2711 2528 2766 quam
2554 2698 2753 2754 animo
2777 2710 3130 2774 praeceperat
3149 2692 3719 2780 intentissimu8,im-

2062 2797 2332 2853 puneque
2356 2785 2480 2853 jam
2515 2802 2547 2839 a
2579 2788 2880 2845 nonnullis
2903 2807 3037 2847 cum
3059 2794 3334 2851 Codicem
3357 2797 3715 2857 Leonianum

2061 2870 2199 2962 dici,
2232 2871 2553 2962 imoetiam
2587 2892 2652 2930 eo
2686 2878 2920 2934 nomine
2943 2880 3287 2955 aliturgicis
3322 2887 3604 2959 appellari
3628 2891 3717 2962 (ut

2059 2958 2257 3030 ipsum
2290 2960 2511 3018 scilicet
2542 2980 2574 3018 a
2604 2964 2911 3023 Gelasiano
2932 2973 2989 3024 et
3010 2958 3718 3050 Gregorianodistingue-

2062 3052 2209 3115 rent)
2236 3069 2249 3118 ;
2276 3053 2417 3105 tunc
2449 3052 2686 3108 demum
2721 3072 2878 3111 novae
2910 3057 3015 3123 illi,
3044 3076 3222 3131 quam
3254 3079 3322 3118 ex
3366 3065 3713 3124 Sacramen-

2060 3139 2216 3230 tario‘
2239 3139 2534 3213 hauserat,
2569 3145 2639 3198 de
2672 3146 2862 3216 patria
2888 3149 3249 3206 sanctissimi
3285 3157 3561 3227 martyris
3590 3159 3716 3230 opi-

2059 3227 2219 3282 nioni
2250 3228 2308 3282 in
2330 3228 2541 3302 vulgus
2556 3232 3141 3309 emittendaetempus
3166 3242 3371 3297 adesse
3388 3227 3709 3303 arbitratus

2058 3316 2187 3372 fuit.
2218 3320 2419 3389 Itaque
2449 3335 2582 3374 cum
2617 3338 2771 3377 anno
2806 3324 2938 3379 1741
2966 3328 3383 3386 venerabilisS.
3412 3336 3477 3387 R.
3497 3334 3559 3388 E.
3589 3352 3713 3391 car-

2057 3404 2273 3460 dinalis
2300 3406 2540 3479 Josephi
2573 3409 2765 3465 Mariae
2795 3411 3095 3469 Thomasii
3128 3416 3537 3489 liturgicorum
3572 3440 3707 3495 cpe-

2057 3512 2189 3550 rum
2220 3495 2635 3553 Collectionem
2671 3501 3209 3572 adornasset,inter
3229 3509 3495 3580 ejusdem
3514 3512 3709 3584 prole-

2057 3600 2307 3654 gomena
2339 3584 2495 3653 (Pag.
2528 3586 2725 3658 4-136)
2756 3595 3008 3647 veterem
3042 3595 3225 3651 edidit
3277 3597 3546 3657 Codicem
3582 3620 3707 3659 ora-

2056 3673 2282 3728 tionum
2301 3674 2701 3744 antiquissimi
2727 3679 2872 3734 ritus
2899 3682 3420 3757 Gothico-Hispani
3443 3707 3512 3744 ex
3543 3693 3709 3748 Vero-

2056 3762 2255 3818 nensis
2273 3763 2469 3818 itidem
2489 3765 2757 3821 Ecclesiae
2779 3769 3134 3828 bibliotheca
3149 3792 3263 3831 non
3280 3779 3463 3835 multo
3479 3782 3706 3852 pridem

2056 3857 2127 3910 ab
2142 3856 2269 3926 ipso
2284 3858 2821 3930 erutum,notisque
2847 3860 3232 3935 illustratum,
3254 3884 3551 3941 quemque
3566 3872 3705 3929 olim

2055 3947 2123 4000 ad
2157 3946 2676 4013 Tarraconensem,
2709 3953 3076 4023 cognominis
3103 3956 3162 4011 in
3192 3958 3459 4014 citeriore
3489 3962 3705 4033 Hispa-

2058 4034 2151 4088 nia
2183 4035 2513 4105 provincim,
2545 4036 2860 4094 Ecclesiam
2895 4042 3251 4111 pertinuisse
3274 4046 3351 4117 (ἀ)
3382 4049 3701 4105 contendit.

2128 4125 2188 4178 In
2204 4141 2269 4179 eo
2284 4128 2479 4179 autem
2503 4125 2711 4181 Codice
2738 4128 2806 4183 de
2825 4132 3192 4189 orationibus
3218 4151 3539 4210 agensquaa
3559 4138 3696 4194 olim

2052 4214 2110 4267 in
2142 4213 2328 4268 sancti
2364 4214 2654 4268 Laurentii
2684 4217 2863 4273 missa
2894 4224 3070 4291 atque
3093 4223 3311 4293 ofﬁcio,
3345 4227 3526 4282 natali
3549 4227 3702 4284 scili-

2052 4310 2142 4359 cet
2170 4305 2429 4374 ejusdem
2464 4304 2557 4357 die
2577 4306 2705 4359 cani
2729 4312 2830 4361 aut
2852 4310 3077 4365 recitari
3100 4322 3541 4386 consueverant,
3566 4318 3699 4390 qui-

2053 4394 2162 4447 bus
2194 4394 2344 4447 inter
2376 4390 2679 4445 Blancbini
2705 4398 3114 4454 annotationes
3146 4416 3213 4455 ea
3236 4404 3548 4473 respondet
3573 4421 3699 4475 quas

286 4509 359 4547 ea
392 4508 525 4563 quae
547 4493 750 4555 ordine
768 4490 1113 4546 duodecima
1137 4494 1226 4545 est
1244 4489 1392 4543 hanc
1433 4486 1937 4553 contestationem,
1972 4477 2019 4539 Ι)
2049 4483 2252 4537 ordine
2286 4480 2386 4535 106
2417 4484 2880 4555 numeratur(e),
2909 4486 3036 4542 fuse
3060 4489 3131 4542 de
3154 4490 3528 4547 invictissimi
3554 4509 3704 4548 mar-

285 4602 393 4638 seu
429 4584 822 4655 praefationem
856 4583 1033 4637 habet
1086 4583 1247 4653 (Pag.
1294 4582 1383 4646 38,
1414 4580 1516 4635 col.
1550 4583 1595 4644 1)
1618 4598 1639 4632 ,ο
1686 4579 1941 4647 Quamvis

284 4675 441 4727 enim
468 4676 779 4727 sanctorum
805 4682 1028 4727 tuorum
1054 4677 1395 4741 prapagante
1426 4672 1498 4732 te,
1550 4666 1796 4727 Domine,
1829 4676 1939 4723 toto

283 4763 420 4818 orbe
439 4762 593 4817 clara
621 4762 689 4816 sit
711 4763 913 4831 gloria,
946 4761 1010 4815 de
1032 4761 1183 4815 beati
1212 4763 1399 4813 tamen
1414 4756 1764 4813 solemnitate
1788 4757 1934 4810 LAU-

285 4867 481 4905 annm
507 4849 854 4922 peculiarius
882 4862 1008 4920 pra?
1036 4847 1274 4911 exteris,
1310 4846 1478 4901 Roma
1504 4845 1732 4901 twtatur
1752 4846 1937 4899 Coms

354 5031 434 5102 (α)
466 5033 531 5085 In
560 5044 733 5101 opere
764 5028 855 5083 cui
888 5027 1098 5102 titulus
1124 5044 1136 5082 :
1167 5023 1811 5102 Certamenhistorieum
1839 5039 1937 5094 pro

276 5098 483 5177 patria
511 5098 690 5177 sajcti
723 5101 1026 5177 Laurentii,
1055 5098 1321 5177 Cordubae
1350 5098 1509 5177 16:73:
1651 5166 1710 5177 ω

356 5176 435 5245 (b)
466 5179 528 5229 P.
565 5174 799 5245 Pinius,
822 5171 888 5228 10
920 5175 1168 5245 August.
1210 5172 1237 5240 Ξ
1268 5170 1352 5245 tt.
1381 5170 1457 5245 de
1488 5167 1613 5222 loco
1648 5166 1937 5237 Hispanias

286 5241 497 5317 inquo
533 5244 880 5317 Laurentius
914 5241 1106 5317 fuerit,
1142 5258 1307 5317 num.
1334 5241 1456 5317 t_l0_.

355 5310 427 5390 (ὁ)
460 5317 723 5390 Consulti
747 5317 816 5370 de
837 5316 944 5370 hac
963 5331 1024 5390 re
1044 5316 1203 5368 fuere
1228 5310 1543 5390 clarissimi
1584 5310 1689 5364 viri
1715 5310 1937 5390 Cajeta-

285 5382 618 5445 nus'Maria
652 5393 927 5451 Meratus,
962 5388 1097 5441 cler.
1142 5401 1259 5455 reg.
1305 5382 1651 5451 Theatinus,
1687 5382 1937 5455 sacrit.

281 5462 591 5518 consultor
620 5459 960 5527 ;Eusebius,
992 5452 1361 5527 Amortfcan.
1388 5468 1506 5527 reg,
1534 5452 1942 5527 sanctiSalva-

276 5536 460 5601 toris;
508 5524 866 5603 Polingauus
896 5557 909 5595 ς
942 5531 1085 5585 Lud.
1135 5526 1424 5603 _Ant_onius
1456 5524 1829 5603 Muratorius,
1863 5530 1938 5578 et.

280 5607 349 5663 Β.
376 5596 709 5677 Ρίᾶοεθρὶῖ
727 5604 1091 5673 Augustinus
1124 5599 1350 5664 Orsius,
1376 5613 1540 5652 sacra
1569 5596 1769 5667 palatii
1804 5613 1941 5668 apo-

619 5725 860 5783 Paraon
921 5720 1173 5781 LXXIV.

2052 4571 2193 4641 tyris
2252 4585 2583 4626 sermonem
2643 4572 2923 4641 instituit,
2978 4581 3258 4649 tantaque
3317 4596 3449 4635 eum
3520 4582 3701 4636 animi

2026 4661 2420 4715 Acontentione
2452 4680 2518 4718 ac
2551 4665 2769 4720 fiducia
2816 4665 3093 4721 Romanis
3151 4669 3383 4739 asserit,
3417 4675 3695 4740 quantam

2038 4750 2173 4819 jure
2191 4748 2247 4803 in
2277 4751 2540 4821 sapiente
2556 4753 2678 4808 viro
2702 4754 3010 4808 demirere.
3040 4756 3243 4825 Itaque
3269 4758 3489 4813 indicta
3512 4758 3582 4811 ab
3606 4760 3700 4811 Hi-

2047 4839 2247 4910 spanis
2266 4856 2463 4907 causa,
2490 4858 2851 4914 prorsusque
2868 4841 3205 4898 insalutatis
3225 4861 3353 4915 quas
3373 4862 3475 4915 pro
3492 4862 3693 4901 eorum

2046 5018 2257 5083 stolici,
2282 5018 2422 5073 dum
2442 5018 2565 5074 hzec
2588 5020 2927 5089 scribimus,
2947 5020 3354 5091 magister,qui
3379 5038 3581 5076 omnes
3604 5021 3692 5077 vel

2047 5091 2219 5147 editis
2238 5090 2860 5154 lucubrationibus,vel
2882 5093 2938 5146 in
2954 5091 3194 5162 privatis
3210 5090 3287 5146 ad
3305 5092 3692 5149 Blancbinum

2045 5162 2278 5228 litteris,
2310 5164 2711 5218 consentiente
2742 5168 2937 5218 tamen
2972 5163 3692 5235 sutl‘ragio,Sacramenta-

2047 5237 2198 5290 rium
2228 5240 2427 5288 sancto
2451 5235 2622 5290 Leoni
2655 5235 3133 5304 abjudlicandum
3157 5251 3566 5305 censuere,ceu
3592 5254 3697 5293 nos

2049 5309 2214 5362 docet
2242 5321 2438 5360 comes
2487 5308 2740 5378 Acamus
2772 5308 2853 5369 (lu
2894 5306 3166 5374 dissertet,
3197 5308 3406 5378 apotog.
3446 5308 3512 5363 de
3549 5310 3698 5364 anti-

2049 5381 2256 5449 quitate
2284 5386 2335 5432 et
2362 5381 2586 5451 auctore
2632 5377 3072 5432 Sacramenlarii
3105 5377 3394 5449 Leoniani,
3442 5386 3605 5451 parte
3635 5398 3699 5448 ιῐ,

2066 5451 2175 5504 ξ42
2206 5451 2395 5504 5600.).

2051 5458 2077 5519 ἓ
2108 5450 2605 5595 4(Ξ)δῗ4(ζῖᾖέίξιιρἰηε
2627 5521 2716 5585 22,
2752 5536 2880 5595 pag.
2916 5519 3041 5585 157,
3078 5522 3137 5575 in
3153 5522 3264 5593 ﬁne
3291 5526 3341 5577 et
3367 5525 3631 5595 sequenli,

2124 5594 2194 5665 (e)
2226 5597 2362 5663 Pag.
2396 5592 2521 5660 292,
2552 5592 2610 5645 in
2642 5592 2960 5662 prolegom.

3311 5714 3387 5771 l9
