  <div class='ocr_page' id='page_1' title='image "/cluster/home/n/w/nwhite01/storage/ocr_20150623/74/hvd.32044054758784/299.png"; bbox 0 0 4186 6326; ppageno 0'>
   <div class='ocr_carea' id='block_1_1' title="bbox 442 213 550 268">
    <p class='ocr_par' dir='ltr' id='par_1_1' title="bbox 442 213 550 268">
     <span class='ocr_line' id='line_1_1' title="bbox 442 213 550 268; baseline -0.019 0"><span class='ocrx_word' id='word_1_1' title='bbox 442 213 550 268; x_wconf 83' lang='grc'>587</span> 
     </span>
    </p>
   </div>
   <div class='ocr_carea' id='block_1_2' title="bbox 1292 204 3023 272">
    <p class='ocr_par' dir='ltr' id='par_1_2' title="bbox 1292 204 3023 272">
     <span class='ocr_line' id='line_1_2' title="bbox 1292 204 3023 272; baseline -0.002 -10"><span class='ocrx_word' id='word_1_2' title='bbox 1292 206 1638 263; x_wconf 81' lang='lat' dir='ltr'>A‘DDENDA</span> <span class='ocrx_word' id='word_1_3' title='bbox 1672 207 1769 261; x_wconf 84' lang='lat' dir='ltr'>AD</span> <span class='ocrx_word' id='word_1_4' title='bbox 1808 204 2153 272; x_wconf 75' lang='lat' dir='ltr'>QUOSDAM</span> <span class='ocrx_word' id='word_1_5' title='bbox 2189 204 2730 262; x_wconf 70' lang='lat' dir='ltr'>PRECEDENTES</span> <span class='ocrx_word' id='word_1_6' title='bbox 2767 204 3023 262; x_wconf 84' lang='lat' dir='ltr'>TOMOB.</span> 
     </span>
    </p>
   </div>
   <div class='ocr_carea' id='block_1_3' title="bbox 3761 205 3872 264">
    <p class='ocr_par' dir='ltr' id='par_1_3' title="bbox 3761 205 3872 264">
     <span class='ocr_line' id='line_1_3' title="bbox 3761 205 3872 264; baseline 0 0"><span class='ocrx_word' id='word_1_7' title='bbox 3761 205 3872 264; x_wconf 87' lang='lat'>588</span> 
     </span>
    </p>
   </div>
   <div class='ocr_carea' id='block_1_4' title="bbox 446 329 3867 408">
    <p class='ocr_par' dir='ltr' id='par_1_4' title="bbox 446 329 3867 408">
     <span class='ocr_line' id='line_1_4' title="bbox 446 329 3867 408; baseline -0.001 -12"><span class='ocrx_word' id='word_1_8' title='bbox 446 337 741 396; x_wconf 87' lang='lat' dir='ltr'>sententia</span> <span class='ocrx_word' id='word_1_9' title='bbox 770 336 943 408; x_wconf 83' lang='lat' dir='ltr'>vulgo</span> <span class='ocrx_word' id='word_1_10' title='bbox 975 331 1188 392; x_wconf 84' lang='lat' dir='ltr'>adduci</span> <span class='ocrx_word' id='word_1_11' title='bbox 1217 330 1407 388; x_wconf 82' lang='lat' dir='ltr'>solent</span> <span class='ocrx_word' id='word_1_12' title='bbox 1431 329 1990 402; x_wconf 87' lang='lat' dir='ltr'>argumentis,quasi</span> <span class='ocrx_word' id='word_1_13' title='bbox 2015 329 2100 384; x_wconf 89' lang='lat' dir='ltr'>ni-</span> <span class='ocrx_word' id='word_1_14' title='bbox 2126 332 2181 400; x_wconf 76' lang='grc' dir='ltr'><strong>Α</strong></span> <span class='ocrx_word' id='word_1_15' title='bbox 2211 329 2497 396; x_wconf 81' lang='lat' dir='ltr'>obtrudit;</span> <span class='ocrx_word' id='word_1_16' title='bbox 2516 345 2765 402; x_wconf 78' lang='lat' dir='ltr'>eamque</span> <span class='ocrx_word' id='word_1_17' title='bbox 2794 346 2863 387; x_wconf 85' lang='lat' dir='ltr'>ex</span> <span class='ocrx_word' id='word_1_18' title='bbox 2889 330 3345 388; x_wconf 88' lang='lat' dir='ltr'>Sacramentarii</span> <span class='ocrx_word' id='word_1_19' title='bbox 3377 332 3449 389; x_wconf 90' lang='lat' dir='ltr'>de</span> <span class='ocrx_word' id='word_1_20' title='bbox 3475 348 3594 407; x_wconf 89' lang='lat' dir='ltr'>quo</span> <span class='ocrx_word' id='word_1_21' title='bbox 3628 332 3867 406; x_wconf 79' lang='lat' dir='ltr'>agimus</span> 
     </span>
    </p>
   </div>
   <div class='ocr_carea' id='block_1_5' title="bbox 459 417 2106 500">
    <p class='ocr_par' dir='ltr' id='par_1_5' title="bbox 459 417 2106 500">
     <span class='ocr_line' id='line_1_5' title="bbox 459 417 2106 500; baseline -0.006 -16"><span class='ocrx_word' id='word_1_22' title='bbox 459 428 546 485; x_wconf 90' lang='lat' dir='ltr'>hil</span> <span class='ocrx_word' id='word_1_23' title='bbox 576 427 686 500; x_wconf 92' lang='lat' dir='ltr'>ipsi</span> <span class='ocrx_word' id='word_1_24' title='bbox 712 441 781 482; x_wconf 81' lang='lat' dir='ltr'>ex</span> <span class='ocrx_word' id='word_1_25' title='bbox 805 424 913 481; x_wconf 92' lang='lat' dir='ltr'>hoc</span> <span class='ocrx_word' id='word_1_26' title='bbox 937 424 1125 495; x_wconf 83' lang='lat' dir='ltr'>capite</span> <span class='ocrx_word' id='word_1_27' title='bbox 1137 419 1465 477; x_wconf 88' lang='lat' dir='ltr'>timendum</span> <span class='ocrx_word' id='word_1_28' title='bbox 1490 422 1662 487; x_wconf 90' lang='lat' dir='ltr'>esset,</span> <span class='ocrx_word' id='word_1_29' title='bbox 1691 418 1750 474; x_wconf 93' lang='lat' dir='ltr'>in</span> <span class='ocrx_word' id='word_1_30' title='bbox 1776 418 1915 476; x_wconf 71' lang='lat' dir='ltr'>aleae</span> <span class='ocrx_word' id='word_1_31' title='bbox 1935 417 2106 491; x_wconf 91' lang='lat' dir='ltr'>pleno</span> 
     </span>
    </p>
   </div>
   <div class='ocr_carea' id='block_1_6' title="bbox 459 507 2107 590">
    <p class='ocr_par' dir='ltr' id='par_1_6' title="bbox 459 507 2107 590">
     <span class='ocr_line' id='line_1_6' title="bbox 459 507 2107 590; baseline -0.005 -16"><span class='ocrx_word' id='word_1_32' title='bbox 459 532 633 590; x_wconf 86' lang='lat' dir='ltr'>opere</span> <span class='ocrx_word' id='word_1_33' title='bbox 662 530 903 571; x_wconf 85' lang='lat' dir='ltr'>securus</span> <span class='ocrx_word' id='word_1_34' title='bbox 935 510 1151 567; x_wconf 85' lang='lat' dir='ltr'>incedit</span> <span class='ocrx_word' id='word_1_35' title='bbox 1180 526 1282 582; x_wconf 92' lang='lat' dir='ltr'>per</span> <span class='ocrx_word' id='word_1_36' title='bbox 1310 509 1475 581; x_wconf 90' lang='lat' dir='ltr'>ignes</span> <span class='ocrx_word' id='word_1_37' title='bbox 1508 508 1847 581; x_wconf 90' lang='lat' dir='ltr'>suppositos</span> <span class='ocrx_word' id='word_1_38' title='bbox 1905 507 2107 565; x_wconf 89' lang='lat' dir='ltr'>doloso</span> 
     </span>
    </p>
   </div>
   <div class='ocr_carea' id='block_1_7' title="bbox 451 597 2107 670">
    <p class='ocr_par' dir='ltr' id='par_1_7' title="bbox 451 597 2107 670">
     <span class='ocr_line' id='line_1_7' title="bbox 451 597 2107 670; baseline -0.005 -8"><span class='ocrx_word' id='word_1_39' title='bbox 451 605 652 662; x_wconf 90' lang='lat' dir='ltr'>cineri.</span> <span class='ocrx_word' id='word_1_40' title='bbox 685 603 945 659; x_wconf 88' lang='lat' dir='ltr'>Primum</span> <span class='ocrx_word' id='word_1_41' title='bbox 979 605 1175 656; x_wconf 89' lang='lat' dir='ltr'>autem</span> <span class='ocrx_word' id='word_1_42' title='bbox 1228 598 1495 653; x_wconf 90' lang='lat' dir='ltr'>omnium</span> <span class='ocrx_word' id='word_1_43' title='bbox 1545 615 1613 653; x_wconf 88' lang='lat' dir='ltr'>ex</span> <span class='ocrx_word' id='word_1_44' title='bbox 1644 598 1772 670; x_wconf 92' lang='lat' dir='ltr'>ipso</span> <span class='ocrx_word' id='word_1_45' title='bbox 1832 597 2107 655; x_wconf 90' lang='lat' dir='ltr'>Gothico-</span> 
     </span>
    </p>
   </div>
   <div class='ocr_carea' id='block_1_8' title="bbox 459 686 2108 766">
    <p class='ocr_par' dir='ltr' id='par_1_8' title="bbox 459 686 2108 766">
     <span class='ocr_line' id='line_1_8' title="bbox 459 686 2108 766; baseline -0.004 -16"><span class='ocrx_word' id='word_1_46' title='bbox 459 692 773 766; x_wconf 90' lang='lat' dir='ltr'>Hispanico</span> <span class='ocrx_word' id='word_1_47' title='bbox 806 708 840 746; x_wconf 92' lang='lat' dir='ltr'>a</span> <span class='ocrx_word' id='word_1_48' title='bbox 868 707 931 746; x_wconf 89' lang='lat' dir='ltr'>se</span> <span class='ocrx_word' id='word_1_49' title='bbox 960 689 1117 745; x_wconf 86' lang='lat' dir='ltr'>edito</span> <span class='ocrx_word' id='word_1_50' title='bbox 1148 686 1481 743; x_wconf 80' lang='lat' dir='ltr'>orationum</span> <span class='ocrx_word' id='word_1_51' title='bbox 1513 686 1727 755; x_wconf 85' lang='lat' dir='ltr'>codice,</span> <span class='ocrx_word' id='word_1_52' title='bbox 1769 704 1902 743; x_wconf 83' lang='lat' dir='ltr'>mox</span> <span class='ocrx_word' id='word_1_53' title='bbox 1924 704 1992 743; x_wconf 85' lang='lat' dir='ltr'>ex</span> <span class='ocrx_word' id='word_1_54' title='bbox 2018 703 2108 744; x_wconf 88' lang='lat' dir='ltr'>ve-</span> 
     </span>
    </p>
   </div>
   <div class='ocr_carea' id='block_1_9' title="bbox 453 776 2107 848">
    <p class='ocr_par' dir='ltr' id='par_1_9' title="bbox 453 776 2107 848">
     <span class='ocr_line' id='line_1_9' title="bbox 453 776 2107 848; baseline -0.004 -8"><span class='ocrx_word' id='word_1_55' title='bbox 453 789 575 840; x_wconf 84' lang='lat' dir='ltr'>tere</span> <span class='ocrx_word' id='word_1_56' title='bbox 604 780 887 837; x_wconf 90' lang='lat' dir='ltr'>Vaticano</span> <span class='ocrx_word' id='word_1_57' title='bbox 918 778 1031 834; x_wconf 90' lang='lat' dir='ltr'>alio</span> <span class='ocrx_word' id='word_1_58' title='bbox 1062 778 1121 832; x_wconf 91' lang='lat' dir='ltr'>in</span> <span class='ocrx_word' id='word_1_59' title='bbox 1144 793 1257 848; x_wconf 87' lang='lat' dir='ltr'>quo</span> <span class='ocrx_word' id='word_1_60' title='bbox 1277 776 1629 832; x_wconf 78' lang='lat' dir='ltr'>Laurentius</span> <span class='ocrx_word' id='word_1_61' title='bbox 1656 793 1801 833; x_wconf 80' lang='lat' dir='ltr'>cms</span> <span class='ocrx_word' id='word_1_62' title='bbox 1823 777 2107 833; x_wconf 68' lang='lat' dir='ltr'>Romanus</span> 
     </span>
    </p>
   </div>
   <div class='ocr_carea' id='block_1_10' title="bbox 454 865 2109 942">
    <p class='ocr_par' dir='ltr' id='par_1_10' title="bbox 454 865 2109 942">
     <span class='ocr_line' id='line_1_10' title="bbox 454 865 2109 942; baseline -0.003 -14"><span class='ocrx_word' id='word_1_63' title='bbox 454 872 691 940; x_wconf 90' lang='lat' dir='ltr'>dicitur,</span> <span class='ocrx_word' id='word_1_64' title='bbox 715 873 997 942; x_wconf 66' lang='lat' dir='ltr'>praeterea</span> <span class='ocrx_word' id='word_1_65' title='bbox 1017 883 1087 923; x_wconf 84' lang='lat' dir='ltr'>ex</span> <span class='ocrx_word' id='word_1_66' title='bbox 1108 867 1321 941; x_wconf 85' lang='lat' dir='ltr'>hymno</span> <span class='ocrx_word' id='word_1_67' title='bbox 1343 865 1651 921; x_wconf 90' lang='lat' dir='ltr'>Prudentii</span> <span class='ocrx_word' id='word_1_68' title='bbox 1676 882 1849 938; x_wconf 88' lang='lat' dir='ltr'>quem</span> <span class='ocrx_word' id='word_1_69' title='bbox 1877 866 1947 922; x_wconf 88' lang='lat' dir='ltr'>de</span> <span class='ocrx_word' id='word_1_70' title='bbox 1967 872 2109 923; x_wconf 86' lang='lat' dir='ltr'>Lau-</span> 
     </span>
    </p>
   </div>
   <div class='ocr_carea' id='block_1_11' title="bbox 451 955 2106 1032">
    <p class='ocr_par' dir='ltr' id='par_1_11' title="bbox 451 955 2106 1032">
     <span class='ocr_line' id='line_1_11' title="bbox 451 955 2106 1032; baseline -0.004 -15"><span class='ocrx_word' id='word_1_71' title='bbox 451 960 625 1017; x_wconf 88' lang='lat' dir='ltr'>rentii</span> <span class='ocrx_word' id='word_1_72' title='bbox 657 958 931 1032; x_wconf 80' lang='lat' dir='ltr'>passione</span> <span class='ocrx_word' id='word_1_73' title='bbox 954 974 1019 1013; x_wconf 89' lang='lat' dir='ltr'>ac</span> <span class='ocrx_word' id='word_1_74' title='bbox 1037 956 1339 1028; x_wconf 89' lang='lat' dir='ltr'>triumpho</span> <span class='ocrx_word' id='word_1_75' title='bbox 1360 955 1865 1027; x_wconf 83' lang='lat' dir='ltr'>elegantissimum</span> <span class='ocrx_word' id='word_1_76' title='bbox 1883 957 2106 1028; x_wconf 80' lang='lat' dir='ltr'>panxit,</span> 
     </span>
    </p>
   </div>
   <div class='ocr_carea' id='block_1_12' title="bbox 444 1044 2103 1114">
    <p class='ocr_par' dir='ltr' id='par_1_12' title="bbox 444 1044 2103 1114">
     <span class='ocr_line' id='line_1_12' title="bbox 444 1044 2103 1114; baseline -0.005 -6"><span class='ocrx_word' id='word_1_77' title='bbox 444 1066 511 1108; x_wconf 90' lang='lat' dir='ltr'>ac</span> <span class='ocrx_word' id='word_1_78' title='bbox 533 1050 768 1107; x_wconf 90' lang='lat' dir='ltr'>demum</span> <span class='ocrx_word' id='word_1_79' title='bbox 791 1065 861 1105; x_wconf 83' lang='lat' dir='ltr'>ex</span> <span class='ocrx_word' id='word_1_80' title='bbox 881 1047 997 1103; x_wconf 89' lang='lat' dir='ltr'>illis</span> <span class='ocrx_word' id='word_1_81' title='bbox 1022 1044 1374 1102; x_wconf 85' lang='lat' dir='ltr'>Veronensis</span> <span class='ocrx_word' id='word_1_82' title='bbox 1396 1045 1854 1101; x_wconf 87' lang='lat' dir='ltr'>Sacramentarii</span> <span class='ocrx_word' id='word_1_83' title='bbox 1889 1046 2103 1114; x_wconf 88' lang='lat' dir='ltr'>verbis,</span> 
     </span>
    </p>
   </div>
   <div class='ocr_carea' id='block_1_13' title="bbox 442 1133 2108 1212">
    <p class='ocr_par' dir='ltr' id='par_1_13' title="bbox 442 1133 2108 1212">
     <span class='ocr_line' id='line_1_13' title="bbox 442 1133 2108 1212; baseline -0.003 -17"><span class='ocrx_word' id='word_1_84' title='bbox 442 1155 571 1212; x_wconf 67' lang='lat' dir='ltr'>qua</span> <span class='ocrx_word' id='word_1_85' title='bbox 602 1155 790 1211; x_wconf 85' lang='lat' dir='ltr'>nuper</span> <span class='ocrx_word' id='word_1_86' title='bbox 818 1135 1261 1207; x_wconf 85' lang='lat' dir='ltr'>descripsimus,</span> <span class='ocrx_word' id='word_1_87' title='bbox 1290 1134 1656 1190; x_wconf 90' lang='lat' dir='ltr'>universum</span> <span class='ocrx_word' id='word_1_88' title='bbox 1690 1133 2108 1206; x_wconf 85' lang='lat' dir='ltr'>disputationis</span> 
     </span>
    </p>
   </div>
   <div class='ocr_carea' id='block_1_14' title="bbox 442 1222 2107 1300">
    <p class='ocr_par' dir='ltr' id='par_1_14' title="bbox 442 1222 2107 1300">
     <span class='ocr_line' id='line_1_14' title="bbox 442 1222 2107 1300; baseline -0.004 -15"><span class='ocrx_word' id='word_1_89' title='bbox 442 1228 744 1300; x_wconf 83' lang='lat' dir='ltr'>negotium</span> <span class='ocrx_word' id='word_1_90' title='bbox 774 1226 1106 1282; x_wconf 82' lang='lat' dir='ltr'>confectum</span> <span class='ocrx_word' id='word_1_91' title='bbox 1138 1222 1485 1293; x_wconf 85' lang='lat' dir='ltr'>arbitratus,</span> <span class='ocrx_word' id='word_1_92' title='bbox 1528 1222 1590 1278; x_wconf 94' lang='lat' dir='ltr'>in</span> <span class='ocrx_word' id='word_1_93' title='bbox 1617 1223 1738 1279; x_wconf 71' lang='lat' dir='ltr'>haec</span> <span class='ocrx_word' id='word_1_94' title='bbox 1769 1224 1943 1279; x_wconf 87' lang='lat' dir='ltr'>verba</span> <span class='ocrx_word' id='word_1_95' title='bbox 1972 1239 2107 1280; x_wconf 89' lang='lat' dir='ltr'>sen—</span> 
     </span>
    </p>
   </div>
   <div class='ocr_carea' id='block_1_15' title="bbox 438 1311 2106 1388">
    <p class='ocr_par' dir='ltr' id='par_1_15' title="bbox 438 1311 2106 1388">
     <span class='ocr_line' id='line_1_15' title="bbox 438 1311 2106 1388; baseline -0.004 -14"><span class='ocrx_word' id='word_1_96' title='bbox 438 1318 686 1375; x_wconf 89' lang='lat' dir='ltr'>tentiam</span> <span class='ocrx_word' id='word_1_97' title='bbox 709 1314 1051 1388; x_wconf 89' lang='lat' dir='ltr'>pronuntiat</span> <span class='ocrx_word' id='word_1_98' title='bbox 1073 1314 1150 1385; x_wconf 93' lang='lat' dir='ltr'>(a)</span> <span class='ocrx_word' id='word_1_99' title='bbox 1174 1330 1193 1368; x_wconf 90' lang='lat'><strong><em>:</em></strong></span> <span class='ocrx_word' id='word_1_100' title='bbox 1213 1312 1272 1368; x_wconf 87' lang='lat' dir='ltr'>Si</span> <span class='ocrx_word' id='word_1_101' title='bbox 1289 1311 1441 1367; x_wconf 81' lang='lat' dir='ltr'>nihil</span> <span class='ocrx_word' id='word_1_102' title='bbox 1470 1312 1630 1368; x_wconf 84' lang='lat' dir='ltr'>aliud</span> <span class='ocrx_word' id='word_1_103' title='bbox 1655 1313 1722 1368; x_wconf 87' lang='lat' dir='ltr'>de</span> <span class='ocrx_word' id='word_1_104' title='bbox 1739 1312 1961 1369; x_wconf 78' lang='lat' dir='ltr'>civitate</span> <span class='ocrx_word' id='word_1_105' title='bbox 1978 1329 2106 1368; x_wconf 84' lang='lat' dir='ltr'>san-</span> 
     </span>
    </p>
   </div>
   <div class='ocr_carea' id='block_1_16' title="bbox 444 1400 2106 1472">
    <p class='ocr_par' dir='ltr' id='par_1_16' title="bbox 444 1400 2106 1472">
     <span class='ocr_line' id='line_1_16' title="bbox 444 1400 2106 1472; baseline -0.003 -9"><span class='ocrx_word' id='word_1_106' title='bbox 444 1406 518 1463; x_wconf 85' lang='lat' dir='ltr'>cti</span> <span class='ocrx_word' id='word_1_107' title='bbox 548 1406 837 1463; x_wconf 79' lang='lat' dir='ltr'>Laurentii</span> <span class='ocrx_word' id='word_1_108' title='bbox 882 1403 1153 1472; x_wconf 86' lang='lat' dir='ltr'>dicerem,</span> <span class='ocrx_word' id='word_1_109' title='bbox 1198 1400 1345 1457; x_wconf 86' lang='lat' dir='ltr'>dicta</span> <span class='ocrx_word' id='word_1_110' title='bbox 1393 1416 1565 1458; x_wconf 88' lang='lat' dir='ltr'>causa</span> <span class='ocrx_word' id='word_1_111' title='bbox 1611 1407 1768 1457; x_wconf 84' lang='lat' dir='ltr'>esset.</span> <span class='ocrx_word' id='word_1_112' title='bbox 1819 1403 2106 1472; x_wconf 85' lang='lat' dir='ltr'>Quomodo</span> 
     </span>
    </p>
   </div>
   <div class='ocr_carea' id='block_1_17' title="bbox 444 1491 2104 1566">
    <p class='ocr_par' dir='ltr' id='par_1_17' title="bbox 444 1491 2104 1566">
     <span class='ocr_line' id='line_1_17' title="bbox 444 1491 2104 1566; baseline -0.004 -13"><span class='ocrx_word' id='word_1_113' title='bbox 444 1497 595 1553; x_wconf 87' lang='lat' dir='ltr'>enim</span> <span class='ocrx_word' id='word_1_114' title='bbox 621 1494 766 1552; x_wconf 87' lang='lat' dir='ltr'>tanti</span> <span class='ocrx_word' id='word_1_115' title='bbox 796 1495 1075 1566; x_wconf 82' lang='lat' dir='ltr'>pontiﬁcis</span> <span class='ocrx_word' id='word_1_116' title='bbox 1106 1492 1399 1565; x_wconf 87' lang='lat' dir='ltr'>(sanctum</span> <span class='ocrx_word' id='word_1_117' title='bbox 1426 1491 1668 1547; x_wconf 89' lang='lat' dir='ltr'>Leonem</span> <span class='ocrx_word' id='word_1_118' title='bbox 1706 1494 1982 1563; x_wconf 86' lang='lat' dir='ltr'>Magnum</span> <span class='ocrx_word' id='word_1_119' title='bbox 2014 1491 2104 1547; x_wconf 89' lang='lat' dir='ltr'>in-</span> 
     </span>
    </p>
   </div>
   <div class='ocr_carea' id='block_1_18' title="bbox 449 1579 2105 1659">
    <p class='ocr_par' dir='ltr' id='par_1_18' title="bbox 449 1579 2105 1659">
     <span class='ocr_line' id='line_1_18' title="bbox 449 1579 2105 1659; baseline -0.002 -18"><span class='ocrx_word' id='word_1_120' title='bbox 449 1584 682 1659; x_wconf 86' lang='lat' dir='ltr'>telligit,</span> <span class='ocrx_word' id='word_1_121' title='bbox 709 1601 828 1657; x_wconf 91' lang='lat' dir='ltr'>qua</span> <span class='ocrx_word' id='word_1_122' title='bbox 858 1585 928 1639; x_wconf 91' lang='lat' dir='ltr'>de</span> <span class='ocrx_word' id='word_1_123' title='bbox 960 1600 1021 1639; x_wconf 92' lang='lat' dir='ltr'>re</span> <span class='ocrx_word' id='word_1_124' title='bbox 1043 1598 1149 1638; x_wconf 89' lang='lat' dir='ltr'>nos</span> <span class='ocrx_word' id='word_1_125' title='bbox 1182 1579 1429 1636; x_wconf 89' lang='lat' dir='ltr'>inferius</span> <span class='ocrx_word' id='word_1_126' title='bbox 1452 1579 1838 1652; x_wconf 88' lang='lat' dir='ltr'>disseremus)</span> <span class='ocrx_word' id='word_1_127' title='bbox 1869 1582 2105 1637; x_wconf 82' lang='lat' dir='ltr'>testimo-</span> 
     </span>
    </p>
   </div>
   <div class='ocr_carea' id='block_1_19' title="bbox 454 1670 1168 1747">
    <p class='ocr_par' dir='ltr' id='par_1_19' title="bbox 454 1670 1168 1747">
     <span class='ocr_line' id='line_1_19' title="bbox 454 1670 1168 1747; baseline -0.007 -15"><span class='ocrx_word' id='word_1_128' title='bbox 454 1677 613 1732; x_wconf 84' lang='lat' dir='ltr'>nium</span> <span class='ocrx_word' id='word_1_129' title='bbox 644 1675 927 1747; x_wconf 85' lang='lat' dir='ltr'>inﬁrmari</span> <span class='ocrx_word' id='word_1_130' title='bbox 956 1670 1168 1746; x_wconf 83' lang='lat' dir='ltr'>potest?</span> 
     </span>
    </p>
   </div>
   <div class='ocr_carea' id='block_1_20' title="bbox 522 1803 2115 1882">
    <p class='ocr_par' dir='ltr' id='par_1_20' title="bbox 522 1803 2115 1882">
     <span class='ocr_line' id='line_1_20' title="bbox 522 1803 2115 1882; baseline -0.005 -14"><span class='ocrx_word' id='word_1_131' title='bbox 522 1810 694 1867; x_wconf 88' lang='lat' dir='ltr'>Falsa</span> <span class='ocrx_word' id='word_1_132' title='bbox 722 1825 893 1882; x_wconf 92' lang='lat' dir='ltr'>porro</span> <span class='ocrx_word' id='word_1_133' title='bbox 923 1805 1212 1878; x_wconf 88' lang='lat' dir='ltr'>triumphi</span> <span class='ocrx_word' id='word_1_134' title='bbox 1245 1804 1504 1877; x_wconf 86' lang='lat' dir='ltr'>imagine</span> <span class='ocrx_word' id='word_1_135' title='bbox 1527 1803 1812 1860; x_wconf 91' lang='lat' dir='ltr'>delinitus</span> <span class='ocrx_word' id='word_1_136' title='bbox 1843 1804 2115 1861; x_wconf 89' lang='lat' dir='ltr'>Blanchi-</span> 
     </span>
    </p>
   </div>
   <div class='ocr_carea' id='block_1_21' title="bbox 449 1893 2111 1969">
    <p class='ocr_par' dir='ltr' id='par_1_21' title="bbox 449 1893 2111 1969">
     <span class='ocr_line' id='line_1_21' title="bbox 449 1893 2111 1969; baseline -0.004 -13"><span class='ocrx_word' id='word_1_137' title='bbox 449 1914 587 1969; x_wconf 87' lang='lat' dir='ltr'>nus,</span> <span class='ocrx_word' id='word_1_138' title='bbox 605 1899 883 1955; x_wconf 88' lang='lat' dir='ltr'>advocata</span> <span class='ocrx_word' id='word_1_139' title='bbox 904 1903 1141 1952; x_wconf 86' lang='lat' dir='ltr'>senatus</span> <span class='ocrx_word' id='word_1_140' title='bbox 1166 1893 1493 1966; x_wconf 89' lang='lat' dir='ltr'>populique</span> <span class='ocrx_word' id='word_1_141' title='bbox 1523 1894 1798 1961; x_wconf 86' lang='lat' dir='ltr'>Romani,</span> <span class='ocrx_word' id='word_1_142' title='bbox 1821 1894 1939 1950; x_wconf 91' lang='lat' dir='ltr'>imo</span> <span class='ocrx_word' id='word_1_143' title='bbox 1957 1895 2111 1950; x_wconf 89' lang='lat' dir='ltr'>enim</span> 
     </span>
    </p>
   </div>
   <div class='ocr_carea' id='block_1_22' title="bbox 448 1982 2113 2058">
    <p class='ocr_par' dir='ltr' id='par_1_22' title="bbox 448 1982 2113 2058">
     <span class='ocr_line' id='line_1_22' title="bbox 448 1982 2113 2058; baseline -0.002 -15"><span class='ocrx_word' id='word_1_144' title='bbox 448 1987 600 2043; x_wconf 88' lang='lat' dir='ltr'>sacri</span> <span class='ocrx_word' id='word_1_145' title='bbox 632 1986 863 2058; x_wconf 87' lang='lat' dir='ltr'>collegii</span> <span class='ocrx_word' id='word_1_146' title='bbox 895 1982 1203 2057; x_wconf 88' lang='lat' dir='ltr'>apostolici</span> <span class='ocrx_word' id='word_1_147' title='bbox 1236 1986 1477 2038; x_wconf 88' lang='lat' dir='ltr'>Patrum</span> <span class='ocrx_word' id='word_1_148' title='bbox 1502 1983 1805 2051; x_wconf 89' lang='lat' dir='ltr'>concione,</span> <span class='ocrx_word' id='word_1_149' title='bbox 1830 2000 2113 2054; x_wconf 88' lang='lat' dir='ltr'>quernam</span> 
     </span>
    </p>
   </div>
   <div class='ocr_carea' id='block_1_23' title="bbox 450 2071 2113 2145">
    <p class='ocr_par' dir='ltr' id='par_1_23' title="bbox 450 2071 2113 2145">
     <span class='ocr_line' id='line_1_23' title="bbox 450 2071 2113 2145; baseline -0.002 -14"><span class='ocrx_word' id='word_1_150' title='bbox 450 2075 564 2132; x_wconf 90' lang='lat' dir='ltr'>sibi</span> <span class='ocrx_word' id='word_1_151' title='bbox 596 2092 757 2131; x_wconf 90' lang='lat' dir='ltr'>more</span> <span class='ocrx_word' id='word_1_152' title='bbox 787 2075 1081 2145; x_wconf 86' lang='lat' dir='ltr'>majorum</span> <span class='ocrx_word' id='word_1_153' title='bbox 1114 2071 1347 2128; x_wconf 88' lang='lat' dir='ltr'>decerni</span> <span class='ocrx_word' id='word_1_154' title='bbox 1385 2071 1665 2143; x_wconf 85' lang='lat' dir='ltr'>postulat,</span> <span class='ocrx_word' id='word_1_155' title='bbox 1696 2074 1851 2143; x_wconf 89' lang='lat' dir='ltr'>quod</span> <span class='ocrx_word' id='word_1_156' title='bbox 1892 2072 2113 2144; x_wconf 89' lang='lat' dir='ltr'>iniquis</span> 
     </span>
    </p>
   </div>
   <div class='ocr_carea' id='block_1_24' title="bbox 449 2160 2111 2235">
    <p class='ocr_par' dir='ltr' id='par_1_24' title="bbox 449 2160 2111 2235">
     <span class='ocr_line' id='line_1_24' title="bbox 449 2160 2111 2235; baseline -0.002 -15"><span class='ocrx_word' id='word_1_157' title='bbox 449 2164 868 2222; x_wconf 90' lang='lat' dir='ltr'>historicorum</span> <span class='ocrx_word' id='word_1_158' title='bbox 892 2161 1252 2235; x_wconf 69' lang='lat' dir='ltr'>prejudiciis</span> <span class='ocrx_word' id='word_1_159' title='bbox 1284 2160 1652 2217; x_wconf 85' lang='lat' dir='ltr'>exsulantem</span> <span class='ocrx_word' id='word_1_160' title='bbox 1676 2160 2005 2217; x_wconf 82' lang='lat' dir='ltr'>Romanum</span> <span class='ocrx_word' id='word_1_161' title='bbox 2034 2163 2111 2218; x_wconf 90' lang='lat' dir='ltr'>ci-</span> 
     </span>
    </p>
   </div>
   <div class='ocr_carea' id='block_1_25' title="bbox 447 2250 2111 2321">
    <p class='ocr_par' dir='ltr' id='par_1_25' title="bbox 447 2250 2111 2321">
     <span class='ocr_line' id='line_1_25' title="bbox 447 2250 2111 2321; baseline -0.001 -12"><span class='ocrx_word' id='word_1_162' title='bbox 447 2269 583 2310; x_wconf 90' lang='lat' dir='ltr'>vem</span> <span class='ocrx_word' id='word_1_163' title='bbox 599 2250 1741 2321; x_wconf 88' lang='lat' dir='ltr'>illustrissimum,unusomniumlongo</span> <span class='ocrx_word' id='word_1_164' title='bbox 1762 2250 2111 2307; x_wconf 60' lang='lat' dir='ltr'>saeculorum</span> 
     </span>
    </p>
   </div>
   <div class='ocr_carea' id='block_1_26' title="bbox 446 2341 2107 2419">
    <p class='ocr_par' dir='ltr' id='par_1_26' title="bbox 446 2341 2107 2419">
     <span class='ocr_line' id='line_1_26' title="bbox 446 2341 2107 2419; baseline -0.002 -17"><span class='ocrx_word' id='word_1_165' title='bbox 446 2345 814 2419; x_wconf 88' lang='lat' dir='ltr'>postliminio</span> <span class='ocrx_word' id='word_1_166' title='bbox 857 2344 1055 2416; x_wconf 66' lang='lat' dir='ltr'>patrias</span> <span class='ocrx_word' id='word_1_167' title='bbox 1103 2341 1486 2398; x_wconf 88' lang='lat' dir='ltr'>vindicaverit</span> <span class='ocrx_word' id='word_1_168' title='bbox 1544 2342 1984 2414; x_wconf 88' lang='lat' dir='ltr'>restitueritque</span> <span class='ocrx_word' id='word_1_169' title='bbox 2015 2344 2107 2415; x_wconf 94' lang='lat' dir='ltr'>(b).</span> 
     </span>
    </p>
   </div>
   <div class='ocr_carea' id='block_1_27' title="bbox 448 2431 2114 2508">
    <p class='ocr_par' dir='ltr' id='par_1_27' title="bbox 448 2431 2114 2508">
     <span class='ocr_line' id='line_1_27' title="bbox 448 2431 2114 2508; baseline -0.002 -16"><span class='ocrx_word' id='word_1_170' title='bbox 448 2438 795 2508; x_wconf 88' lang='lat' dir='ltr'>Temperare</span> <span class='ocrx_word' id='word_1_171' title='bbox 816 2432 1041 2491; x_wconf 91' lang='lat' dir='ltr'>scilicet</span> <span class='ocrx_word' id='word_1_172' title='bbox 1070 2432 1185 2488; x_wconf 90' lang='lat' dir='ltr'>sibi</span> <span class='ocrx_word' id='word_1_173' title='bbox 1217 2431 1444 2503; x_wconf 89' lang='lat' dir='ltr'>nequit,</span> <span class='ocrx_word' id='word_1_174' title='bbox 1478 2432 1787 2487; x_wconf 88' lang='lat' dir='ltr'>modestus</span> <span class='ocrx_word' id='word_1_175' title='bbox 1820 2433 2114 2503; x_wconf 90' lang='lat' dir='ltr'>prudens-</span> 
     </span>
    </p>
   </div>
   <div class='ocr_carea' id='block_1_28' title="bbox 451 2523 2109 2600">
    <p class='ocr_par' dir='ltr' id='par_1_28' title="bbox 451 2523 2109 2600">
     <span class='ocr_line' id='line_1_28' title="bbox 451 2523 2109 2600; baseline -0.002 -16"><span class='ocrx_word' id='word_1_176' title='bbox 451 2544 565 2599; x_wconf 91' lang='lat' dir='ltr'>quc</span> <span class='ocrx_word' id='word_1_177' title='bbox 594 2526 949 2600; x_wconf 69' lang='lat' dir='ltr'>caateroquin</span> <span class='ocrx_word' id='word_1_178' title='bbox 983 2525 1094 2596; x_wconf 88' lang='lat' dir='ltr'>vir,</span> <span class='ocrx_word' id='word_1_179' title='bbox 1127 2523 1270 2596; x_wconf 89' lang='lat' dir='ltr'>quin</span> <span class='ocrx_word' id='word_1_180' title='bbox 1316 2540 1431 2596; x_wconf 75' lang='lat' dir='ltr'>prae</span> <span class='ocrx_word' id='word_1_181' title='bbox 1464 2524 1920 2596; x_wconf 83' lang='lat' dir='ltr'>superefﬂuente</span> <span class='ocrx_word' id='word_1_182' title='bbox 1968 2540 2109 2597; x_wconf 86' lang='lat' dir='ltr'>gau-</span> 
     </span>
    </p>
   </div>
   <div class='ocr_carea' id='block_1_29' title="bbox 451 2612 2112 2685">
    <p class='ocr_par' dir='ltr' id='par_1_29' title="bbox 451 2612 2112 2685">
     <span class='ocr_line' id='line_1_29' title="bbox 451 2612 2112 2685; baseline -0.002 -12"><span class='ocrx_word' id='word_1_183' title='bbox 451 2617 548 2674; x_wconf 92' lang='lat' dir='ltr'>dio</span> <span class='ocrx_word' id='word_1_184' title='bbox 580 2635 742 2675; x_wconf 90' lang='lat' dir='ltr'>more</span> <span class='ocrx_word' id='word_1_185' title='bbox 772 2615 1049 2673; x_wconf 89' lang='lat' dir='ltr'>torrentis</span> <span class='ocrx_word' id='word_1_186' title='bbox 1081 2614 1357 2684; x_wconf 86' lang='lat' dir='ltr'>exundet,</span> <span class='ocrx_word' id='word_1_187' title='bbox 1392 2612 1831 2685; x_wconf 90' lang='lat' dir='ltr'>cohibitamque</span> <span class='ocrx_word' id='word_1_188' title='bbox 1862 2630 1927 2669; x_wconf 88' lang='lat' dir='ltr'>ac</span> <span class='ocrx_word' id='word_1_189' title='bbox 1958 2631 2112 2669; x_wconf 90' lang='lat' dir='ltr'>com-</span> 
     </span>
    </p>
   </div>
   <div class='ocr_carea' id='block_1_30' title="bbox 451 2700 2108 2786">
    <p class='ocr_par' dir='ltr' id='par_1_30' title="bbox 451 2700 2108 2786">
     <span class='ocr_line' id='line_1_30' title="bbox 451 2700 2108 2786; baseline -0.009 -15"><span class='ocrx_word' id='word_1_190' title='bbox 451 2726 718 2786; x_wconf 84' lang='lat' dir='ltr'>pressam</span> <span class='ocrx_word' id='word_1_191' title='bbox 750 2706 852 2763; x_wconf 91' lang='lat' dir='ltr'>diu</span> <span class='ocrx_word' id='word_1_192' title='bbox 884 2701 1364 2761; x_wconf 77' lang='lat' dir='ltr'>animolsstitiam</span> <span class='ocrx_word' id='word_1_193' title='bbox 1396 2717 1463 2758; x_wconf 91' lang='lat' dir='ltr'>eo</span> <span class='ocrx_word' id='word_1_194' title='bbox 1487 2716 1723 2772; x_wconf 88' lang='lat' dir='ltr'>quoque</span> <span class='ocrx_word' id='word_1_195' title='bbox 1744 2700 1913 2757; x_wconf 92' lang='lat' dir='ltr'>nobis</span> <span class='ocrx_word' id='word_1_196' title='bbox 1931 2718 2108 2774; x_wconf 84' lang='lat' dir='ltr'>argu-</span> 
     </span>
    </p>
   </div>
   <div class='ocr_carea' id='block_1_31' title="bbox 454 2799 915 2876">
    <p class='ocr_par' dir='ltr' id='par_1_31' title="bbox 454 2799 915 2876">
     <span class='ocr_line' id='line_1_31' title="bbox 454 2799 915 2876; baseline -0.02 -14"><span class='ocrx_word' id='word_1_197' title='bbox 454 2808 653 2862; x_wconf 83' lang='lat' dir='ltr'>mento</span> <span class='ocrx_word' id='word_1_198' title='bbox 683 2799 915 2876; x_wconf 86' lang='lat' dir='ltr'>prodat.</span> 
     </span>
    </p>
   </div>
   <div class='ocr_carea' id='block_1_32' title="bbox 520 2924 2107 3005">
    <p class='ocr_par' dir='ltr' id='par_1_32' title="bbox 520 2924 2107 3005">
     <span class='ocr_line' id='line_1_32' title="bbox 520 2924 2107 3005; baseline -0.008 -10"><span class='ocrx_word' id='word_1_199' title='bbox 520 2938 670 2994; x_wconf 84' lang='lat' dir='ltr'>Tuta</span> <span class='ocrx_word' id='word_1_200' title='bbox 692 2934 820 3005; x_wconf 88' lang='lat' dir='ltr'>jam</span> <span class='ocrx_word' id='word_1_201' title='bbox 851 2929 963 2987; x_wconf 86' lang='lat' dir='ltr'>sub</span> <span class='ocrx_word' id='word_1_202' title='bbox 994 2928 1101 2983; x_wconf 90' lang='lat' dir='ltr'>hac</span> <span class='ocrx_word' id='word_1_203' title='bbox 1123 2925 1305 2999; x_wconf 73' lang='lat' dir='ltr'>aegide</span> <span class='ocrx_word' id='word_1_204' title='bbox 1338 2924 1622 2981; x_wconf 88' lang='lat' dir='ltr'>nonnulla</span> <span class='ocrx_word' id='word_1_205' title='bbox 1654 2925 1771 2981; x_wconf 90' lang='lat' dir='ltr'>alia</span> <span class='ocrx_word' id='word_1_206' title='bbox 1808 2927 2107 2998; x_wconf 82' lang='lat' dir='ltr'>conjectu-</span> 
     </span>
    </p>
   </div>
   <div class='ocr_carea' id='block_1_33' title="bbox 2131 1703 2179 1768">
    <p class='ocr_par' dir='ltr' id='par_1_33' title="bbox 2131 1703 2179 1768">
     <span class='ocr_line' id='line_1_33' title="bbox 2131 1703 2179 1768; baseline 0 0"><span class='ocrx_word' id='word_1_207' title='bbox 2131 1703 2179 1768; x_wconf 95' lang='lat' dir='ltr'><strong>B</strong></span> 
     </span>
    </p>
   </div>
   <div class='ocr_carea' id='block_1_34' title="bbox 2213 418 3873 496">
    <p class='ocr_par' dir='ltr' id='par_1_34' title="bbox 2213 418 3873 496">
     <span class='ocr_line' id='line_1_34' title="bbox 2213 418 3873 496; baseline 0.004 -21"><span class='ocrx_word' id='word_1_208' title='bbox 2213 418 2403 475; x_wconf 85' lang='lat' dir='ltr'>verbis</span> <span class='ocrx_word' id='word_1_209' title='bbox 2429 418 2646 475; x_wconf 90' lang='lat' dir='ltr'>ibidem</span> <span class='ocrx_word' id='word_1_210' title='bbox 2677 419 2749 476; x_wconf 91' lang='lat' dir='ltr'>ab</span> <span class='ocrx_word' id='word_1_211' title='bbox 2770 420 2897 493; x_wconf 90' lang='lat' dir='ltr'>ipso</span> <span class='ocrx_word' id='word_1_212' title='bbox 2917 419 3110 477; x_wconf 83' lang='lat' dir='ltr'>allatis</span> <span class='ocrx_word' id='word_1_213' title='bbox 3131 423 3380 479; x_wconf 81' lang='lat' dir='ltr'>Romam</span> <span class='ocrx_word' id='word_1_214' title='bbox 3403 422 3873 496; x_wconf 86' lang='lat' dir='ltr'>fuisse,remque</span> 
     </span>
    </p>
   </div>
   <div class='ocr_carea' id='block_1_35' title="bbox 2213 508 3875 585">
    <p class='ocr_par' dir='ltr' id='par_1_35' title="bbox 2213 508 3875 585">
     <span class='ocr_line' id='line_1_35' title="bbox 2213 508 3875 585; baseline 0.003 -20"><span class='ocrx_word' id='word_1_215' title='bbox 2213 508 2453 565; x_wconf 87' lang='lat' dir='ltr'>omnino</span> <span class='ocrx_word' id='word_1_216' title='bbox 2467 508 2966 565; x_wconf 88' lang='lat' dir='ltr'>incontroveream</span> <span class='ocrx_word' id='word_1_217' title='bbox 2983 509 3348 583; x_wconf 87' lang='lat' dir='ltr'>pronuntiat.</span> <span class='ocrx_word' id='word_1_218' title='bbox 3364 510 3503 569; x_wconf 88' lang='lat' dir='ltr'>Eam</span> <span class='ocrx_word' id='word_1_219' title='bbox 3519 527 3624 585; x_wconf 88' lang='lat' dir='ltr'>ego</span> <span class='ocrx_word' id='word_1_220' title='bbox 3644 512 3875 569; x_wconf 89' lang='lat' dir='ltr'>disser-</span> 
     </span>
    </p>
   </div>
   <div class='ocr_carea' id='block_1_36' title="bbox 2211 598 3877 673">
    <p class='ocr_par' dir='ltr' id='par_1_36' title="bbox 2211 598 3877 673">
     <span class='ocr_line' id='line_1_36' title="bbox 2211 598 3877 673; baseline 0.003 -20"><span class='ocrx_word' id='word_1_221' title='bbox 2211 598 2495 655; x_wconf 88' lang='lat' dir='ltr'>tationem</span> <span class='ocrx_word' id='word_1_222' title='bbox 2519 615 2649 655; x_wconf 89' lang='lat' dir='ltr'>cum</span> <span class='ocrx_word' id='word_1_223' title='bbox 2673 598 3053 669; x_wconf 80' lang='lat' dir='ltr'>legerem,ubi</span> <span class='ocrx_word' id='word_1_224' title='bbox 3076 600 3518 671; x_wconf 86' lang='lat' dir='ltr'>appetentejam</span> <span class='ocrx_word' id='word_1_225' title='bbox 3542 600 3735 673; x_wconf 87' lang='lat' dir='ltr'>ipsius</span> <span class='ocrx_word' id='word_1_226' title='bbox 3756 602 3877 658; x_wconf 77' lang='lat' dir='ltr'>[ine</span> 
     </span>
    </p>
   </div>
   <div class='ocr_carea' id='block_1_37' title="bbox 2214 686 3876 761">
    <p class='ocr_par' dir='ltr' id='par_1_37' title="bbox 2214 686 3876 761">
     <span class='ocr_line' id='line_1_37' title="bbox 2214 686 3876 761; baseline 0.002 -18"><span class='ocrx_word' id='word_1_227' title='bbox 2214 687 2398 743; x_wconf 90' lang='lat' dir='ltr'>altum</span> <span class='ocrx_word' id='word_1_228' title='bbox 2431 686 2491 741; x_wconf 91' lang='lat' dir='ltr'>in</span> <span class='ocrx_word' id='word_1_229' title='bbox 2523 704 2589 743; x_wconf 88' lang='lat' dir='ltr'>ea</span> <span class='ocrx_word' id='word_1_230' title='bbox 2620 687 2691 743; x_wconf 91' lang='lat' dir='ltr'>de</span> <span class='ocrx_word' id='word_1_231' title='bbox 2725 687 3017 744; x_wconf 86' lang='lat' dir='ltr'>Laurentii</span> <span class='ocrx_word' id='word_1_232' title='bbox 3041 688 3229 760; x_wconf 84' lang='lat' dir='ltr'>patria</span> <span class='ocrx_word' id='word_1_233' title='bbox 3247 687 3404 744; x_wconf 88' lang='lat' dir='ltr'>sileri</span> <span class='ocrx_word' id='word_1_234' title='bbox 3429 690 3876 761; x_wconf 83' lang='lat' dir='ltr'>comperio,ne-</span> 
     </span>
    </p>
   </div>
   <div class='ocr_carea' id='block_1_38' title="bbox 2215 775 3877 848">
    <p class='ocr_par' dir='ltr' id='par_1_38' title="bbox 2215 775 3877 848">
     <span class='ocr_line' id='line_1_38' title="bbox 2215 775 3877 848; baseline 0.003 -18"><span class='ocrx_word' id='word_1_235' title='bbox 2215 775 2453 848; x_wconf 87' lang='lat' dir='ltr'>quibam</span> <span class='ocrx_word' id='word_1_236' title='bbox 2478 777 2773 832; x_wconf 90' lang='lat' dir='ltr'>enimvero</span> <span class='ocrx_word' id='word_1_237' title='bbox 2787 776 2931 833; x_wconf 89' lang='lat' dir='ltr'>satis</span> <span class='ocrx_word' id='word_1_238' title='bbox 2949 777 3151 833; x_wconf 90' lang='lat' dir='ltr'>mirari</span> <span class='ocrx_word' id='word_1_239' title='bbox 3174 794 3296 834; x_wconf 90' lang='lat' dir='ltr'>rem</span> <span class='ocrx_word' id='word_1_240' title='bbox 3326 779 3375 834; x_wconf 92' lang='lat' dir='ltr'>si</span> <span class='ocrx_word' id='word_1_241' title='bbox 3398 778 3482 834; x_wconf 91' lang='lat' dir='ltr'>sic</span> <span class='ocrx_word' id='word_1_242' title='bbox 3504 778 3711 847; x_wconf 87' lang='lat' dir='ltr'>abiret,</span> <span class='ocrx_word' id='word_1_243' title='bbox 3738 795 3877 835; x_wconf 90' lang='lat' dir='ltr'>cum</span> 
     </span>
    </p>
   </div>
   <div class='ocr_carea' id='block_1_39' title="bbox 2213 865 3879 941">
    <p class='ocr_par' dir='ltr' id='par_1_39' title="bbox 2213 865 3879 941">
     <span class='ocr_line' id='line_1_39' title="bbox 2213 865 3879 941; baseline 0.004 -22"><span class='ocrx_word' id='word_1_244' title='bbox 2213 865 2445 921; x_wconf 89' lang='lat' dir='ltr'>irruens</span> <span class='ocrx_word' id='word_1_245' title='bbox 2476 881 2543 921; x_wconf 88' lang='lat' dir='ltr'>ex</span> <span class='ocrx_word' id='word_1_246' title='bbox 2576 865 2869 937; x_wconf 86' lang='lat' dir='ltr'>insperato</span> <span class='ocrx_word' id='word_1_247' title='bbox 2898 868 3152 922; x_wconf 85' lang='lat' dir='ltr'>Acamus</span> <span class='ocrx_word' id='word_1_248' title='bbox 3201 866 3367 939; x_wconf 88' lang='lat' dir='ltr'>(quid</span> <span class='ocrx_word' id='word_1_249' title='bbox 3392 868 3551 924; x_wconf 89' lang='lat' dir='ltr'>enim</span> <span class='ocrx_word' id='word_1_250' title='bbox 3584 884 3879 941; x_wconf 87' lang='lat' dir='ltr'>suprema</span> 
     </span>
    </p>
   </div>
   <div class='ocr_carea' id='block_1_40' title="bbox 2212 953 3879 1028">
    <p class='ocr_par' dir='ltr' id='par_1_40' title="bbox 2212 953 3879 1028">
     <span class='ocr_line' id='line_1_40' title="bbox 2212 953 3879 1028; baseline 0.004 -19"><span class='ocrx_word' id='word_1_251' title='bbox 2212 953 2481 1010; x_wconf 71' lang='lat' dir='ltr'>Ecclesiae</span> <span class='ocrx_word' id='word_1_252' title='bbox 2514 956 2831 1011; x_wconf 71' lang='lat' dir='ltr'>auctoritas</span> <span class='ocrx_word' id='word_1_253' title='bbox 2862 973 2992 1011; x_wconf 91' lang='lat' dir='ltr'>cum</span> <span class='ocrx_word' id='word_1_254' title='bbox 3018 956 3205 1028; x_wconf 89' lang='lat' dir='ltr'>patria</span> <span class='ocrx_word' id='word_1_255' title='bbox 3228 957 3528 1012; x_wconf 89' lang='lat' dir='ltr'>Laurentii</span> <span class='ocrx_word' id='word_1_256' title='bbox 3554 973 3879 1015; x_wconf 85' lang='lat' dir='ltr'>commune</span> 
     </span>
    </p>
   </div>
   <div class='ocr_carea' id='block_1_41' title="bbox 2215 1042 3877 1116">
    <p class='ocr_par' dir='ltr' id='par_1_41' title="bbox 2215 1042 3877 1116">
     <span class='ocr_line' id='line_1_41' title="bbox 2215 1042 3877 1116; baseline 0.003 -18"><span class='ocrx_word' id='word_1_257' title='bbox 2215 1042 2460 1116; x_wconf 86' lang='lat' dir='ltr'>habet?)</span> <span class='ocrx_word' id='word_1_258' title='bbox 2482 1046 2797 1116; x_wconf 87' lang='lat' dir='ltr'>postremis</span> <span class='ocrx_word' id='word_1_259' title='bbox 2820 1044 3249 1102; x_wconf 89' lang='lat' dir='ltr'>dissertationis</span> <span class='ocrx_word' id='word_1_260' title='bbox 3272 1046 3490 1115; x_wconf 90' lang='lat' dir='ltr'>verbis,</span> <span class='ocrx_word' id='word_1_261' title='bbox 3511 1046 3877 1104; x_wconf 89' lang='lat' dir='ltr'>Veronensis</span> 
     </span>
    </p>
   </div>
   <div class='ocr_carea' id='block_1_42' title="bbox 2214 1132 3872 1208">
    <p class='ocr_par' dir='ltr' id='par_1_42' title="bbox 2214 1132 3872 1208">
     <span class='ocr_line' id='line_1_42' title="bbox 2214 1132 3872 1208; baseline 0.003 -20"><span class='ocrx_word' id='word_1_262' title='bbox 2214 1132 2663 1189; x_wconf 88' lang='lat' dir='ltr'>Sacramentarii</span> <span class='ocrx_word' id='word_1_263' title='bbox 2695 1133 3207 1201; x_wconf 86' lang='lat' dir='ltr'>contestationem,</span> <span class='ocrx_word' id='word_1_264' title='bbox 3233 1151 3559 1208; x_wconf 89' lang='lat' dir='ltr'>novamque</span> <span class='ocrx_word' id='word_1_265' title='bbox 3591 1137 3661 1192; x_wconf 90' lang='lat' dir='ltr'>de</span> <span class='ocrx_word' id='word_1_266' title='bbox 3711 1137 3872 1193; x_wconf 86' lang='lat' dir='ltr'>Lau—</span> 
     </span>
    </p>
   </div>
   <div class='ocr_carea' id='block_1_43' title="bbox 2215 1222 3876 1297">
    <p class='ocr_par' dir='ltr' id='par_1_43' title="bbox 2215 1222 3876 1297">
     <span class='ocr_line' id='line_1_43' title="bbox 2215 1222 3876 1297; baseline 0.002 -19"><span class='ocrx_word' id='word_1_267' title='bbox 2215 1222 2387 1278; x_wconf 88' lang='lat' dir='ltr'>rentii</span> <span class='ocrx_word' id='word_1_268' title='bbox 2419 1224 2608 1294; x_wconf 88' lang='lat' dir='ltr'>patria</span> <span class='ocrx_word' id='word_1_269' title='bbox 2637 1223 3011 1291; x_wconf 89' lang='lat' dir='ltr'>sententiam,</span> <span class='ocrx_word' id='word_1_270' title='bbox 3037 1222 3238 1279; x_wconf 88' lang='lat' dir='ltr'>lectori</span> <span class='ocrx_word' id='word_1_271' title='bbox 3267 1224 3417 1280; x_wconf 89' lang='lat' dir='ltr'>nihil</span> <span class='ocrx_word' id='word_1_272' title='bbox 3442 1226 3564 1297; x_wconf 89' lang='lat' dir='ltr'>jam</span> <span class='ocrx_word' id='word_1_273' title='bbox 3595 1225 3715 1282; x_wconf 87' lang='lat' dir='ltr'>tale</span> <span class='ocrx_word' id='word_1_274' title='bbox 3746 1242 3876 1282; x_wconf 85' lang='lat' dir='ltr'>me-</span> 
     </span>
    </p>
   </div>
   <div class='ocr_carea' id='block_1_44' title="bbox 2213 1311 3877 1385">
    <p class='ocr_par' dir='ltr' id='par_1_44' title="bbox 2213 1311 3877 1385">
     <span class='ocr_line' id='line_1_44' title="bbox 2213 1311 3877 1385; baseline 0.002 -17"><span class='ocrx_word' id='word_1_275' title='bbox 2213 1311 2401 1368; x_wconf 87' lang='lat' dir='ltr'>tuenti</span> <span class='ocrx_word' id='word_1_276' title='bbox 2433 1312 2667 1384; x_wconf 90' lang='lat' dir='ltr'>regerit.</span> <span class='ocrx_word' id='word_1_277' title='bbox 2699 1313 2867 1385; x_wconf 72' lang='lat' dir='ltr'>zEgre</span> <span class='ocrx_word' id='word_1_278' title='bbox 2896 1312 3142 1382; x_wconf 88' lang='lat' dir='ltr'>scilicet,</span> <span class='ocrx_word' id='word_1_279' title='bbox 3174 1312 3260 1369; x_wconf 90' lang='lat' dir='ltr'>uti</span> <span class='ocrx_word' id='word_1_280' title='bbox 3283 1328 3387 1385; x_wconf 88' lang='lat' dir='ltr'>ego</span> <span class='ocrx_word' id='word_1_281' title='bbox 3412 1313 3704 1384; x_wconf 82' lang='lat' dir='ltr'>existimo,</span> <span class='ocrx_word' id='word_1_282' title='bbox 3729 1314 3877 1372; x_wconf 81' lang='lat' dir='ltr'>fere-</span> 
     </span>
    </p>
   </div>
   <div class='ocr_carea' id='block_1_45' title="bbox 2214 1401 3877 1472">
    <p class='ocr_par' dir='ltr' id='par_1_45' title="bbox 2214 1401 3877 1472">
     <span class='ocr_line' id='line_1_45' title="bbox 2214 1401 3877 1472; baseline 0.002 -15"><span class='ocrx_word' id='word_1_283' title='bbox 2214 1401 2315 1457; x_wconf 89' lang='lat' dir='ltr'>bat</span> <span class='ocrx_word' id='word_1_284' title='bbox 2342 1404 2618 1472; x_wconf 87' lang='lat' dir='ltr'>Acamus,</span> <span class='ocrx_word' id='word_1_285' title='bbox 2652 1401 2701 1457; x_wconf 92' lang='lat' dir='ltr'>si</span> <span class='ocrx_word' id='word_1_286' title='bbox 2734 1402 2994 1457; x_wconf 87' lang='lat' dir='ltr'>indictus</span> <span class='ocrx_word' id='word_1_287' title='bbox 3041 1401 3229 1459; x_wconf 87' lang='lat' dir='ltr'>abiret</span> <span class='ocrx_word' id='word_1_288' title='bbox 3258 1402 3315 1458; x_wconf 93' lang='lat' dir='ltr'>in</span> <span class='ocrx_word' id='word_1_289' title='bbox 3339 1419 3408 1459; x_wconf 91' lang='lat' dir='ltr'>ea</span> <span class='ocrx_word' id='word_1_290' title='bbox 3457 1403 3877 1461; x_wconf 85' lang='lat' dir='ltr'>dissertatione</span> 
     </span>
    </p>
   </div>
   <div class='ocr_carea' id='block_1_46' title="bbox 2214 1491 3876 1566">
    <p class='ocr_par' dir='ltr' id='par_1_46' title="bbox 2214 1491 3876 1566">
     <span class='ocr_line' id='line_1_46' title="bbox 2214 1491 3876 1566; baseline 0.002 -20"><span class='ocrx_word' id='word_1_291' title='bbox 2214 1491 2581 1561; x_wconf 90' lang='lat' dir='ltr'>Laurentius,</span> <span class='ocrx_word' id='word_1_292' title='bbox 2609 1491 2863 1547; x_wconf 91' lang='lat' dir='ltr'>oblatam</span> <span class='ocrx_word' id='word_1_293' title='bbox 2880 1491 3164 1547; x_wconf 59' lang='lat' dir='ltr'>sibinovc&#39;e</span> <span class='ocrx_word' id='word_1_294' title='bbox 3205 1491 3438 1548; x_wconf 90' lang='lat' dir='ltr'>theseos</span> <span class='ocrx_word' id='word_1_295' title='bbox 3482 1496 3876 1566; x_wconf 79' lang='lat' dir='ltr'>propagandae</span> 
     </span>
    </p>
   </div>
   <div class='ocr_carea' id='block_1_47' title="bbox 2213 1581 3878 1654">
    <p class='ocr_par' dir='ltr' id='par_1_47' title="bbox 2213 1581 3878 1654">
     <span class='ocr_line' id='line_1_47' title="bbox 2213 1581 3878 1654; baseline 0.002 -18"><span class='ocrx_word' id='word_1_296' title='bbox 2213 1581 2581 1638; x_wconf 89' lang='lat' dir='ltr'>occasionem</span> <span class='ocrx_word' id='word_1_297' title='bbox 2614 1581 3005 1654; x_wconf 88' lang='lat' dir='ltr'>nequicquam</span> <span class='ocrx_word' id='word_1_298' title='bbox 3033 1599 3062 1638; x_wconf 94' lang='lat' dir='ltr'>e</span> <span class='ocrx_word' id='word_1_299' title='bbox 3094 1582 3370 1638; x_wconf 87' lang='lat' dir='ltr'>manibus</span> <span class='ocrx_word' id='word_1_300' title='bbox 3392 1582 3578 1653; x_wconf 88' lang='lat' dir='ltr'>elabi;</span> <span class='ocrx_word' id='word_1_301' title='bbox 3602 1600 3737 1639; x_wconf 90' lang='lat' dir='ltr'>cum</span> <span class='ocrx_word' id='word_1_302' title='bbox 3770 1602 3878 1640; x_wconf 84' lang='lat' dir='ltr'>au-</span> 
     </span>
    </p>
   </div>
   <div class='ocr_carea' id='block_1_48' title="bbox 2212 1670 3877 1745">
    <p class='ocr_par' dir='ltr' id='par_1_48' title="bbox 2212 1670 3877 1745">
     <span class='ocr_line' id='line_1_48' title="bbox 2212 1670 3877 1745; baseline 0.004 -20"><span class='ocrx_word' id='word_1_303' title='bbox 2212 1673 2329 1725; x_wconf 90' lang='lat' dir='ltr'>tem</span> <span class='ocrx_word' id='word_1_304' title='bbox 2355 1671 2548 1726; x_wconf 80' lang='lat' dir='ltr'>forsan</span> <span class='ocrx_word' id='word_1_305' title='bbox 2572 1670 2932 1744; x_wconf 86' lang='lat' dir='ltr'>imprudenti</span> <span class='ocrx_word' id='word_1_306' title='bbox 2956 1671 3291 1744; x_wconf 90' lang='lat' dir='ltr'>scriptionis</span> <span class='ocrx_word' id='word_1_307' title='bbox 3336 1671 3501 1727; x_wconf 86' lang='lat' dir='ltr'>ﬁlum</span> <span class='ocrx_word' id='word_1_308' title='bbox 3524 1673 3877 1745; x_wconf 66' lang='lat' dir='ltr'>precissum</span> 
     </span>
    </p>
   </div>
   <div class='ocr_carea' id='block_1_49' title="bbox 2221 1762 3882 1838">
    <p class='ocr_par' dir='ltr' id='par_1_49' title="bbox 2221 1762 3882 1838">
     <span class='ocr_line' id='line_1_49' title="bbox 2221 1762 3882 1838; baseline 0.005 -23"><span class='ocrx_word' id='word_1_309' title='bbox 2221 1762 3097 1835; x_wconf 87' lang='lat' dir='ltr'>fuisset,maluithomolepidus</span> <span class='ocrx_word' id='word_1_310' title='bbox 3112 1767 3411 1836; x_wconf 88' lang='lat' dir='ltr'>utcunque</span> <span class='ocrx_word' id='word_1_311' title='bbox 3427 1768 3692 1822; x_wconf 87' lang='lat' dir='ltr'>assutam</span> <span class='ocrx_word' id='word_1_312' title='bbox 3705 1768 3882 1838; x_wconf 87' lang='lat' dir='ltr'>operi</span> 
     </span>
    </p>
   </div>
   <div class='ocr_carea' id='block_1_50' title="bbox 2222 1851 3880 1925">
    <p class='ocr_par' dir='ltr' id='par_1_50' title="bbox 2222 1851 3880 1925">
     <span class='ocr_line' id='line_1_50' title="bbox 2222 1851 3880 1925; baseline 0.003 -18"><span class='ocrx_word' id='word_1_313' title='bbox 2222 1868 2329 1907; x_wconf 92' lang='lat' dir='ltr'>suo</span> <span class='ocrx_word' id='word_1_314' title='bbox 2353 1851 2627 1907; x_wconf 89' lang='lat' dir='ltr'>laciniam</span> <span class='ocrx_word' id='word_1_315' title='bbox 2659 1853 2988 1922; x_wconf 89' lang='lat' dir='ltr'>adnectere,</span> <span class='ocrx_word' id='word_1_316' title='bbox 3021 1870 3198 1925; x_wconf 89' lang='lat' dir='ltr'>quam</span> <span class='ocrx_word' id='word_1_317' title='bbox 3232 1869 3362 1910; x_wconf 88' lang='lat' dir='ltr'>eam</span> <span class='ocrx_word' id='word_1_318' title='bbox 3414 1854 3697 1912; x_wconf 88' lang='lat' dir='ltr'>damnoso</span> <span class='ocrx_word' id='word_1_319' title='bbox 3730 1873 3880 1913; x_wconf 89' lang='lat' dir='ltr'>sane</span> 
     </span>
    </p>
   </div>
   <div class='ocr_carea' id='block_1_51' title="bbox 2220 1940 2869 1998">
    <p class='ocr_par' dir='ltr' id='par_1_51' title="bbox 2220 1940 2869 1998">
     <span class='ocr_line' id='line_1_51' title="bbox 2220 1940 2869 1998; baseline 0.003 -2"><span class='ocrx_word' id='word_1_320' title='bbox 2220 1940 2454 1997; x_wconf 87' lang='lat' dir='ltr'>silentio</span> <span class='ocrx_word' id='word_1_321' title='bbox 2475 1940 2869 1998; x_wconf 88' lang='lat' dir='ltr'>dissimulare.</span> 
     </span>
    </p>
   </div>
   <div class='ocr_carea' id='block_1_52' title="bbox 2289 2031 3883 2104">
    <p class='ocr_par' dir='ltr' id='par_1_52' title="bbox 2289 2031 3883 2104">
     <span class='ocr_line' id='line_1_52' title="bbox 2289 2031 3883 2104; baseline 0.005 -19"><span class='ocrx_word' id='word_1_322' title='bbox 2289 2031 2405 2087; x_wconf 91' lang='lat' dir='ltr'>Nec</span> <span class='ocrx_word' id='word_1_323' title='bbox 2437 2032 2651 2104; x_wconf 90' lang='lat' dir='ltr'>magis,</span> <span class='ocrx_word' id='word_1_324' title='bbox 2682 2037 2749 2087; x_wconf 91' lang='lat' dir='ltr'>ut</span> <span class='ocrx_word' id='word_1_325' title='bbox 2769 2032 3045 2100; x_wconf 88' lang='lat' dir='ltr'>arbitror,</span> <span class='ocrx_word' id='word_1_326' title='bbox 3078 2033 3149 2089; x_wconf 89' lang='lat' dir='ltr'>ad</span> <span class='ocrx_word' id='word_1_327' title='bbox 3183 2033 3469 2090; x_wconf 64' lang='lat' dir='ltr'>Merendae</span> <span class='ocrx_word' id='word_1_328' title='bbox 3505 2050 3628 2090; x_wconf 89' lang='lat' dir='ltr'>rem</span> <span class='ocrx_word' id='word_1_329' title='bbox 3662 2037 3883 2093; x_wconf 84' lang='lat' dir='ltr'>attine-</span> 
     </span>
    </p>
   </div>
   <div class='ocr_carea' id='block_1_53' title="bbox 2218 2118 3871 2193">
    <p class='ocr_par' dir='ltr' id='par_1_53' title="bbox 2218 2118 3871 2193">
     <span class='ocr_line' id='line_1_53' title="bbox 2218 2118 3871 2193; baseline 0.004 -20"><span class='ocrx_word' id='word_1_330' title='bbox 2218 2118 2339 2188; x_wconf 89' lang='lat' dir='ltr'>bat,</span> <span class='ocrx_word' id='word_1_331' title='bbox 2367 2119 2507 2173; x_wconf 91' lang='lat' dir='ltr'>dum</span> <span class='ocrx_word' id='word_1_332' title='bbox 2532 2120 2602 2175; x_wconf 93' lang='lat' dir='ltr'>de</span> <span class='ocrx_word' id='word_1_333' title='bbox 2622 2120 2855 2176; x_wconf 87' lang='lat' dir='ltr'>Damasi</span> <span class='ocrx_word' id='word_1_334' title='bbox 2880 2120 3180 2193; x_wconf 90' lang='lat' dir='ltr'>opusculis</span> <span class='ocrx_word' id='word_1_335' title='bbox 3211 2121 3510 2193; x_wconf 88' lang='lat' dir='ltr'>gestisque</span> <span class='ocrx_word' id='word_1_336' title='bbox 3532 2138 3871 2180; x_wconf 89' lang='lat' dir='ltr'>sermonem</span> 
     </span>
    </p>
   </div>
   <div class='ocr_carea' id='block_1_54' title="bbox 2217 2205 3885 2284">
    <p class='ocr_par' dir='ltr' id='par_1_54' title="bbox 2217 2205 3885 2284">
     <span class='ocr_line' id='line_1_54' title="bbox 2217 2205 3885 2284; baseline 0.005 -23"><span class='ocrx_word' id='word_1_337' title='bbox 2217 2205 2479 2263; x_wconf 88' lang='lat' dir='ltr'>instituit</span> <span class='ocrx_word' id='word_1_338' title='bbox 2508 2207 2596 2280; x_wconf 71' lang='grc' dir='ltr'>(Γ),</span> <span class='ocrx_word' id='word_1_339' title='bbox 2633 2209 2922 2265; x_wconf 90' lang='lat' dir='ltr'>Laurentii</span> <span class='ocrx_word' id='word_1_340' title='bbox 2954 2210 3205 2282; x_wconf 88' lang='lat' dir='ltr'>patriam</span> <span class='ocrx_word' id='word_1_341' title='bbox 3239 2210 3400 2282; x_wconf 87' lang='lat' dir='ltr'>operi</span> <span class='ocrx_word' id='word_1_342' title='bbox 3428 2228 3536 2267; x_wconf 91' lang='lat' dir='ltr'>suo</span> <span class='ocrx_word' id='word_1_343' title='bbox 3586 2211 3885 2284; x_wconf 82' lang='lat' dir='ltr'>inserere,</span> 
     </span>
    </p>
   </div>
   <div class='ocr_carea' id='block_1_55' title="bbox 2219 2295 3885 2372">
    <p class='ocr_par' dir='ltr' id='par_1_55' title="bbox 2219 2295 3885 2372">
     <span class='ocr_line' id='line_1_55' title="bbox 2219 2295 3885 2372; baseline 0.005 -21"><span class='ocrx_word' id='word_1_344' title='bbox 2219 2295 2334 2352; x_wconf 91' lang='lat' dir='ltr'>nisi</span> <span class='ocrx_word' id='word_1_345' title='bbox 2366 2312 2468 2368; x_wconf 91' lang='lat' dir='ltr'>per</span> <span class='ocrx_word' id='word_1_346' title='bbox 2497 2296 2862 2353; x_wconf 88' lang='lat' dir='ltr'>occasionem</span> <span class='ocrx_word' id='word_1_347' title='bbox 2894 2304 3156 2355; x_wconf 88' lang='lat' dir='ltr'>veterum</span> <span class='ocrx_word' id='word_1_348' title='bbox 3180 2299 3369 2356; x_wconf 89' lang='lat' dir='ltr'>sancti</span> <span class='ocrx_word' id='word_1_349' title='bbox 3388 2301 3686 2372; x_wconf 86' lang='lat' dir='ltr'>pontificis</span> <span class='ocrx_word' id='word_1_350' title='bbox 3699 2304 3885 2359; x_wconf 88' lang='lat' dir='ltr'>Acto-</span> 
     </span>
    </p>
   </div>
   <div class='ocr_carea' id='block_1_56' title="bbox 2218 2385 3888 2463">
    <p class='ocr_par' dir='ltr' id='par_1_56' title="bbox 2218 2385 3888 2463">
     <span class='ocr_line' id='line_1_56' title="bbox 2218 2385 3888 2463; baseline 0.005 -24"><span class='ocrx_word' id='word_1_351' title='bbox 2218 2402 2348 2441; x_wconf 90' lang='lat' dir='ltr'>rum</span> <span class='ocrx_word' id='word_1_352' title='bbox 2377 2385 2454 2458; x_wconf 86' lang='lat' dir='ltr'>(g)</span> <span class='ocrx_word' id='word_1_353' title='bbox 2485 2385 2543 2439; x_wconf 90' lang='lat' dir='ltr'>in</span> <span class='ocrx_word' id='word_1_354' title='bbox 2578 2385 2995 2458; x_wconf 85' lang='lat' dir='ltr'>quibuseadem</span> <span class='ocrx_word' id='word_1_355' title='bbox 3025 2405 3088 2444; x_wconf 91' lang='lat' dir='ltr'>ac</span> <span class='ocrx_word' id='word_1_356' title='bbox 3104 2389 3888 2463; x_wconf 79' lang='lat' dir='ltr'>Laurensiuspatriagenitus</span> 
     </span>
    </p>
   </div>
   <div class='ocr_carea' id='block_1_57' title="bbox 2216 2473 3887 2551">
    <p class='ocr_par' dir='ltr' id='par_1_57' title="bbox 2216 2473 3887 2551">
     <span class='ocr_line' id='line_1_57' title="bbox 2216 2473 3887 2551; baseline 0.005 -22"><span class='ocrx_word' id='word_1_357' title='bbox 2216 2473 2432 2530; x_wconf 91' lang='lat' dir='ltr'>dicitur</span> <span class='ocrx_word' id='word_1_358' title='bbox 2464 2493 2479 2545; x_wconf 89' lang='lat'><strong>;</strong></span> <span class='ocrx_word' id='word_1_359' title='bbox 2512 2491 2579 2531; x_wconf 90' lang='lat' dir='ltr'>eo</span> <span class='ocrx_word' id='word_1_360' title='bbox 2609 2481 2807 2532; x_wconf 89' lang='lat' dir='ltr'>tamen</span> <span class='ocrx_word' id='word_1_361' title='bbox 2838 2476 2989 2549; x_wconf 90' lang='lat' dir='ltr'>loco,</span> <span class='ocrx_word' id='word_1_362' title='bbox 3016 2477 3117 2549; x_wconf 91' lang='lat' dir='ltr'>qui</span> <span class='ocrx_word' id='word_1_363' title='bbox 3158 2479 3433 2551; x_wconf 89' lang='lat' dir='ltr'>proprius</span> <span class='ocrx_word' id='word_1_364' title='bbox 3466 2485 3591 2536; x_wconf 88' lang='lat' dir='ltr'>erat</span> <span class='ocrx_word' id='word_1_365' title='bbox 3632 2481 3703 2535; x_wconf 91' lang='lat' dir='ltr'>de</span> <span class='ocrx_word' id='word_1_366' title='bbox 3764 2481 3887 2538; x_wconf 82' lang='lat' dir='ltr'>hoc</span> 
     </span>
    </p>
   </div>
   <div class='ocr_carea' id='block_1_58' title="bbox 2217 2566 3885 2643">
    <p class='ocr_par' dir='ltr' id='par_1_58' title="bbox 2217 2566 3885 2643">
     <span class='ocr_line' id='line_1_58' title="bbox 2217 2566 3885 2643; baseline 0.005 -25"><span class='ocrx_word' id='word_1_367' title='bbox 2217 2569 2562 2635; x_wconf 89' lang='lat' dir='ltr'>argumento</span> <span class='ocrx_word' id='word_1_368' title='bbox 2592 2566 2943 2637; x_wconf 87' lang='lat' dir='ltr'>disserendi,</span> <span class='ocrx_word' id='word_1_369' title='bbox 2972 2566 3121 2623; x_wconf 89' lang='lat' dir='ltr'>nihil</span> <span class='ocrx_word' id='word_1_370' title='bbox 3152 2568 3537 2639; x_wconf 87' lang='lat' dir='ltr'>pronuntiare</span> <span class='ocrx_word' id='word_1_371' title='bbox 3551 2585 3732 2626; x_wconf 88' lang='lat' dir='ltr'>ausus</span> <span class='ocrx_word' id='word_1_372' title='bbox 3766 2571 3885 2643; x_wconf 78' lang='grc' dir='ltr'>(Ιι),</span> 
     </span>
    </p>
   </div>
   <div class='ocr_carea' id='block_1_59' title="bbox 2214 2653 3878 2729">
    <p class='ocr_par' dir='ltr' id='par_1_59' title="bbox 2214 2653 3878 2729">
     <span class='ocr_line' id='line_1_59' title="bbox 2214 2653 3878 2729; baseline 0.004 -21"><span class='ocrx_word' id='word_1_373' title='bbox 2214 2653 2464 2709; x_wconf 84' lang='lat' dir='ltr'>dubitari</span> <span class='ocrx_word' id='word_1_374' title='bbox 2497 2657 2729 2710; x_wconf 86' lang='lat' dir='ltr'>tantum</span> <span class='ocrx_word' id='word_1_375' title='bbox 2761 2671 2913 2726; x_wconf 86' lang='lat' dir='ltr'>posse</span> <span class='ocrx_word' id='word_1_376' title='bbox 2945 2656 3229 2726; x_wconf 83' lang='lat' dir='ltr'>affirmat,</span> <span class='ocrx_word' id='word_1_377' title='bbox 3259 2673 3332 2712; x_wconf 86' lang='lat' dir='ltr'>an</span> <span class='ocrx_word' id='word_1_378' title='bbox 3364 2659 3481 2729; x_wconf 85' lang='lat' dir='ltr'>ipse</span> <span class='ocrx_word' id='word_1_379' title='bbox 3517 2657 3687 2714; x_wconf 85' lang='lat' dir='ltr'>etiam</span> <span class='ocrx_word' id='word_1_380' title='bbox 3718 2664 3878 2715; x_wconf 83' lang='lat' dir='ltr'>Lau-</span> 
     </span>
    </p>
   </div>
   <div class='ocr_carea' id='block_1_60' title="bbox 2212 2742 3877 2821">
    <p class='ocr_par' dir='ltr' id='par_1_60' title="bbox 2212 2742 3877 2821">
     <span class='ocr_line' id='line_1_60' title="bbox 2212 2742 3877 2821; baseline 0.005 -24"><span class='ocrx_word' id='word_1_381' title='bbox 2212 2742 2427 2799; x_wconf 85' lang='lat' dir='ltr'>renlius</span> <span class='ocrx_word' id='word_1_382' title='bbox 2454 2744 2641 2801; x_wconf 70' lang='lat' dir='ltr'>Romae</span> <span class='ocrx_word' id='word_1_383' title='bbox 2668 2747 2820 2800; x_wconf 86' lang='lat' dir='ltr'>ortus</span> <span class='ocrx_word' id='word_1_384' title='bbox 2839 2746 3041 2815; x_wconf 76' lang='lat' dir='ltr'>fcerit;</span> <span class='ocrx_word' id='word_1_385' title='bbox 3077 2762 3211 2801; x_wconf 90' lang='lat' dir='ltr'>cum</span> <span class='ocrx_word' id='word_1_386' title='bbox 3245 2746 3305 2802; x_wconf 91' lang='lat' dir='ltr'>in</span> <span class='ocrx_word' id='word_1_387' title='bbox 3360 2762 3638 2818; x_wconf 89' lang='lat' dir='ltr'>processu</span> <span class='ocrx_word' id='word_1_388' title='bbox 3668 2749 3877 2821; x_wconf 83' lang='lat' dir='ltr'>operis</span> 
     </span>
    </p>
   </div>
   <div class='ocr_carea' id='block_1_61' title="bbox 2214 2831 3877 2908">
    <p class='ocr_par' dir='ltr' id='par_1_61' title="bbox 2214 2831 3877 2908">
     <span class='ocr_line' id='line_1_61' title="bbox 2214 2831 3877 2908; baseline 0.004 -19"><span class='ocrx_word' id='word_1_389' title='bbox 2214 2833 2324 2889; x_wconf 91' lang='lat' dir='ltr'>sub</span> <span class='ocrx_word' id='word_1_390' title='bbox 2352 2831 2667 2905; x_wconf 87' lang='lat' dir='ltr'>epigraphe</span> <span class='ocrx_word' id='word_1_391' title='bbox 2697 2834 2768 2889; x_wconf 90' lang='lat' dir='ltr'>de</span> <span class='ocrx_word' id='word_1_392' title='bbox 2793 2835 3018 2890; x_wconf 91' lang='lat' dir='ltr'>Damasi</span> <span class='ocrx_word' id='word_1_393' title='bbox 3051 2834 3447 2908; x_wconf 76' lang='lat' dir='ltr'>fabricis,quae</span> <span class='ocrx_word' id='word_1_394' title='bbox 3473 2852 3613 2893; x_wconf 87' lang='lat' dir='ltr'>sane</span> <span class='ocrx_word' id='word_1_395' title='bbox 3634 2838 3877 2895; x_wconf 83' lang='lat' dir='ltr'>diversa</span> 
     </span>
    </p>
   </div>
   <div class='ocr_carea' id='block_1_62' title="bbox 2213 2921 3876 2997">
    <p class='ocr_par' dir='ltr' id='par_1_62' title="bbox 2213 2921 3876 2997">
     <span class='ocr_line' id='line_1_62' title="bbox 2213 2921 3876 2997; baseline 0.004 -19"><span class='ocrx_word' id='word_1_396' title='bbox 2213 2921 2484 2979; x_wconf 86' lang='lat' dir='ltr'>tractatio</span> <span class='ocrx_word' id='word_1_397' title='bbox 2519 2926 2625 2990; x_wconf 88' lang='lat' dir='ltr'>est,</span> <span class='ocrx_word' id='word_1_398' title='bbox 2660 2923 2959 2979; x_wconf 87' lang='lat' dir='ltr'>Laurentii</span> <span class='ocrx_word' id='word_1_399' title='bbox 3010 2924 3258 2996; x_wconf 89' lang='lat' dir='ltr'>patriam</span> <span class='ocrx_word' id='word_1_400' title='bbox 3320 2924 3623 2997; x_wconf 90' lang='lat' dir='ltr'>aliquanto</span> <span class='ocrx_word' id='word_1_401' title='bbox 3671 2927 3876 2985; x_wconf 85' lang='lat' dir='ltr'>fusius</span> 
     </span>
    </p>
   </div>
   <div class='ocr_carea' id='block_1_63' title="bbox 449 3013 3879 3124">
    <p class='ocr_par' dir='ltr' id='par_1_63' title="bbox 449 3013 3879 3124">
     <span class='ocr_line' id='line_1_63' title="bbox 449 3013 3879 3124; baseline -0.003 -41"><span class='ocrx_word' id='word_1_402' title='bbox 449 3026 589 3085; x_wconf 91' lang='lat' dir='ltr'>ralis</span> <span class='ocrx_word' id='word_1_403' title='bbox 620 3021 852 3097; x_wconf 89' lang='lat' dir='ltr'>generis</span> <span class='ocrx_word' id='word_1_404' title='bbox 869 3019 1238 3090; x_wconf 89' lang='lat' dir='ltr'>argumenta,</span> <span class='ocrx_word' id='word_1_405' title='bbox 1257 3013 1476 3114; x_wconf 78' lang='lat' dir='ltr'>quibus</span> <span class='ocrx_word' id='word_1_406' title='bbox 1491 3013 1778 3070; x_wconf 90' lang='lat' dir='ltr'>hactenus</span> <span class='ocrx_word' id='word_1_407' title='bbox 1796 3032 1868 3071; x_wconf 89' lang='lat' dir='ltr'>ne</span> <span class='ocrx_word' id='word_1_408' title='bbox 1884 3014 2106 3074; x_wconf 90' lang='lat' dir='ltr'>hiscere</span> <span class='ocrx_word' id='word_1_409' title='bbox 2136 3056 2179 3124; x_wconf 66' lang='grc' dir='ltr'>Ο</span> <span class='ocrx_word' id='word_1_410' title='bbox 2216 3019 2984 3124; x_wconf 51' lang='lat' dir='ltr'>persequaturfcausamque</span> <span class='ocrx_word' id='word_1_411' title='bbox 3009 3029 3113 3113; x_wconf 80' lang='lat' dir='ltr'>pro</span> <span class='ocrx_word' id='word_1_412' title='bbox 3135 3014 3879 3124; x_wconf 36' lang='lat' dir='ltr'>{tomanis&#39;dicltammtque</span> 
     </span>
    </p>
   </div>
   <div class='ocr_carea' id='block_1_64' title="bbox 456 3102 2105 3189">
    <p class='ocr_par' dir='ltr' id='par_1_64' title="bbox 456 3102 2105 3189">
     <span class='ocr_line' id='line_1_64' title="bbox 456 3102 2105 3189; baseline -0.007 -15"><span class='ocrx_word' id='word_1_413' title='bbox 456 3117 695 3189; x_wconf 89' lang='lat' dir='ltr'>quidem</span> <span class='ocrx_word' id='word_1_414' title='bbox 728 3112 929 3167; x_wconf 90' lang='lat' dir='ltr'>datum</span> <span class='ocrx_word' id='word_1_415' title='bbox 964 3108 1173 3171; x_wconf 89' lang='lat' dir='ltr'>fuerat,</span> <span class='ocrx_word' id='word_1_416' title='bbox 1204 3118 1412 3176; x_wconf 90' lang='lat' dir='ltr'>capere</span> <span class='ocrx_word' id='word_1_417' title='bbox 1444 3102 1713 3175; x_wconf 86' lang='lat' dir='ltr'>ingentes</span> <span class='ocrx_word' id='word_1_418' title='bbox 1739 3105 1988 3177; x_wconf 90' lang='lat' dir='ltr'>animos,</span> <span class='ocrx_word' id='word_1_419' title='bbox 2021 3106 2105 3162; x_wconf 83' lang='lat' dir='ltr'>ef-</span> 
     </span>
    </p>
   </div>
   <div class='ocr_carea' id='block_1_65' title="bbox 2224 3100 3880 3175">
    <p class='ocr_par' dir='ltr' id='par_1_65' title="bbox 2224 3100 3880 3175">
     <span class='ocr_line' id='line_1_65' title="bbox 2224 3100 3880 3175; baseline 0.002 -18"><span class='ocrx_word' id='word_1_420' title='bbox 2224 3105 2422 3173; x_wconf 91' lang='lat' dir='ltr'>aperto</span> <span class='ocrx_word' id='word_1_421' title='bbox 2452 3100 2641 3157; x_wconf 90' lang='lat' dir='ltr'>sancti</span> <span class='ocrx_word' id='word_1_422' title='bbox 2672 3101 2881 3157; x_wconf 89' lang='lat' dir='ltr'>Leonis</span> <span class='ocrx_word' id='word_1_423' title='bbox 2908 3101 3105 3175; x_wconf 88' lang='lat' dir='ltr'>Magni</span> <span class='ocrx_word' id='word_1_424' title='bbox 3137 3102 3477 3160; x_wconf 87' lang='lat' dir='ltr'>testimonio</span> <span class='ocrx_word' id='word_1_425' title='bbox 3508 3104 3880 3161; x_wconf 86' lang='lat' dir='ltr'>demonstra-</span> 
     </span>
    </p>
   </div>
   <div class='ocr_carea' id='block_1_66' title="bbox 449 3190 3882 3268">
    <p class='ocr_par' dir='ltr' id='par_1_66' title="bbox 449 3190 3882 3268">
     <span class='ocr_line' id='line_1_66' title="bbox 449 3190 3882 3268; baseline -0.007 -5"><span class='ocrx_word' id='word_1_426' title='bbox 449 3207 611 3263; x_wconf 85' lang='lat' dir='ltr'>ferre</span> <span class='ocrx_word' id='word_1_427' title='bbox 636 3217 786 3268; x_wconf 87' lang='lat' dir='ltr'>sese,</span> <span class='ocrx_word' id='word_1_428' title='bbox 818 3202 994 3268; x_wconf 90' lang='lat' dir='ltr'>atque</span> <span class='ocrx_word' id='word_1_429' title='bbox 1024 3194 1077 3251; x_wconf 91' lang='lat' dir='ltr'>ei</span> <span class='ocrx_word' id='word_1_430' title='bbox 1110 3191 1410 3249; x_wconf 82' lang='lat' dir='ltr'>sententiae</span> <span class='ocrx_word' id='word_1_431' title='bbox 1460 3208 1587 3264; x_wconf 66' lang='lat' dir='ltr'>qua:</span> <span class='ocrx_word' id='word_1_432' title='bbox 1631 3192 1911 3264; x_wconf 88' lang='lat' dir='ltr'>Hispanis</span> <span class='ocrx_word' id='word_1_433' title='bbox 1961 3195 2116 3252; x_wconf 83' lang='lat' dir='ltr'>favet</span> <span class='ocrx_word' id='word_1_434' title='bbox 2221 3196 2342 3247; x_wconf 89' lang='lat' dir='ltr'>tam</span> <span class='ocrx_word' id='word_1_435' title='bbox 2376 3206 2633 3247; x_wconf 88' lang='lat' dir='ltr'>asserere</span> <span class='ocrx_word' id='word_1_436' title='bbox 2666 3190 2814 3246; x_wconf 91' lang='lat' dir='ltr'>nihil</span> <span class='ocrx_word' id='word_1_437' title='bbox 2841 3190 3070 3247; x_wconf 91' lang='lat' dir='ltr'>dubitet</span> <span class='ocrx_word' id='word_1_438' title='bbox 3088 3191 3184 3263; x_wconf 80' lang='lat' dir='ltr'>(i);</span> <span class='ocrx_word' id='word_1_439' title='bbox 3209 3190 3347 3263; x_wconf 91' lang='lat' dir='ltr'>quin</span> <span class='ocrx_word' id='word_1_440' title='bbox 3368 3192 3545 3248; x_wconf 91' lang='lat' dir='ltr'>etiam</span> <span class='ocrx_word' id='word_1_441' title='bbox 3577 3195 3882 3265; x_wconf 79' lang='lat' dir='ltr'>conjectu-</span> 
     </span>
    </p>
   </div>
   <div class='ocr_carea' id='block_1_67' title="bbox 458 3279 3881 3366">
    <p class='ocr_par' dir='ltr' id='par_1_67' title="bbox 458 3279 3881 3366">
     <span class='ocr_line' id='line_1_67' title="bbox 458 3279 3881 3366; baseline -0.003 -15"><span class='ocrx_word' id='word_1_442' title='bbox 458 3292 652 3366; x_wconf 84' lang='lat' dir='ltr'>palam</span> <span class='ocrx_word' id='word_1_443' title='bbox 683 3290 985 3346; x_wconf 90' lang='lat' dir='ltr'>occentare</span> <span class='ocrx_word' id='word_1_444' title='bbox 1017 3281 1212 3339; x_wconf 90' lang='lat' dir='ltr'>audet.</span> <span class='ocrx_word' id='word_1_445' title='bbox 1244 3281 1358 3336; x_wconf 91' lang='lat' dir='ltr'>Nec</span> <span class='ocrx_word' id='word_1_446' title='bbox 1403 3279 1753 3353; x_wconf 90' lang='lat' dir='ltr'>scriptorum</span> <span class='ocrx_word' id='word_1_447' title='bbox 1789 3281 2113 3340; x_wconf 91' lang='lat' dir='ltr'>Blanchino</span> <span class='ocrx_word' id='word_1_448' title='bbox 2221 3296 2344 3335; x_wconf 88' lang='lat' dir='ltr'>ram</span> <span class='ocrx_word' id='word_1_449' title='bbox 2382 3281 2451 3335; x_wconf 87' lang='lat' dir='ltr'>de</span> <span class='ocrx_word' id='word_1_450' title='bbox 2482 3296 2589 3335; x_wconf 93' lang='lat' dir='ltr'>suo</span> <span class='ocrx_word' id='word_1_451' title='bbox 2620 3280 2925 3351; x_wconf 87' lang='lat' dir='ltr'>adjic1t,ex</span> <span class='ocrx_word' id='word_1_452' title='bbox 2955 3298 3090 3351; x_wconf 90' lang='lat' dir='ltr'>qua,</span> <span class='ocrx_word' id='word_1_453' title='bbox 3123 3280 3173 3336; x_wconf 93' lang='lat' dir='ltr'>si</span> <span class='ocrx_word' id='word_1_454' title='bbox 3194 3280 3310 3337; x_wconf 93' lang='lat' dir='ltr'>Deo</span> <span class='ocrx_word' id='word_1_455' title='bbox 3334 3280 3544 3354; x_wconf 91' lang='lat' dir='ltr'>placet,</span> <span class='ocrx_word' id='word_1_456' title='bbox 3571 3282 3881 3342; x_wconf 87' lang='lat' dir='ltr'>evidenter</span> 
     </span>
    </p>
   </div>
   <div class='ocr_carea' id='block_1_68' title="bbox 458 3369 3881 3444">
    <p class='ocr_par' dir='ltr' id='par_1_68' title="bbox 458 3369 3881 3444">
     <span class='ocr_line' id='line_1_68' title="bbox 458 3369 3881 3444; baseline -0.005 -4"><span class='ocrx_word' id='word_1_457' title='bbox 458 3384 606 3440; x_wconf 87' lang='lat' dir='ltr'>duce</span> <span class='ocrx_word' id='word_1_458' title='bbox 636 3376 1016 3436; x_wconf 87' lang='lat' dir='ltr'>demissiores</span> <span class='ocrx_word' id='word_1_459' title='bbox 1048 3375 1189 3427; x_wconf 87' lang='lat' dir='ltr'>sunt</span> <span class='ocrx_word' id='word_1_460' title='bbox 1218 3369 1532 3440; x_wconf 89' lang='lat' dir='ltr'>animi,aut</span> <span class='ocrx_word' id='word_1_461' title='bbox 1550 3370 1785 3425; x_wconf 85' lang='lat' dir='ltr'>fortuna</span> <span class='ocrx_word' id='word_1_462' title='bbox 1806 3370 2111 3430; x_wconf 89' lang='lat' dir='ltr'>dissimilis</span> <span class='ocrx_word' id='word_1_463' title='bbox 2220 3369 2601 3440; x_wconf 84' lang='lat' dir='ltr'>consequitur</span> <span class='ocrx_word' id='word_1_464' title='bbox 2629 3370 2693 3439; x_wconf 70' lang='lat'>(7&#39;)</span> <span class='ocrx_word' id='word_1_465' title='bbox 2725 3369 3104 3425; x_wconf 82' lang='lat' dir='ltr'>Laurentium</span> <span class='ocrx_word' id='word_1_466' title='bbox 3132 3387 3245 3426; x_wconf 90' lang='lat' dir='ltr'>non</span> <span class='ocrx_word' id='word_1_467' title='bbox 3270 3387 3439 3427; x_wconf 88' lang='lat' dir='ltr'>secus</span> <span class='ocrx_word' id='word_1_468' title='bbox 3465 3388 3533 3427; x_wconf 90' lang='lat' dir='ltr'>ac</span> <span class='ocrx_word' id='word_1_469' title='bbox 3556 3372 3746 3444; x_wconf 84' lang='lat' dir='ltr'>Scipio</span> <span class='ocrx_word' id='word_1_470' title='bbox 3767 3381 3881 3431; x_wconf 67' lang='lat' dir='ltr'>aut</span> 
     </span>
    </p>
   </div>
   <div class='ocr_carea' id='block_1_69' title="bbox 456 3456 2111 3534">
    <p class='ocr_par' dir='ltr' id='par_1_69' title="bbox 456 3456 2111 3534">
     <span class='ocr_line' id='line_1_69' title="bbox 456 3456 2111 3534; baseline -0.009 -4"><span class='ocrx_word' id='word_1_471' title='bbox 456 3473 662 3529; x_wconf 89' lang='lat' dir='ltr'>Comes</span> <span class='ocrx_word' id='word_1_472' title='bbox 675 3465 1193 3525; x_wconf 87' lang='lat' dir='ltr'>JacobusAcamus</span> <span class='ocrx_word' id='word_1_473' title='bbox 1207 3456 1625 3529; x_wconf 88' lang='lat' dir='ltr'>quem,utalibi</span> <span class='ocrx_word' id='word_1_474' title='bbox 1640 3460 2111 3534; x_wconf 88' lang='lat' dir='ltr'>ostendemus(c).</span> 
     </span>
    </p>
   </div>
   <div class='ocr_carea' id='block_1_70' title="bbox 456 3547 2114 3621">
    <p class='ocr_par' dir='ltr' id='par_1_70' title="bbox 456 3547 2114 3621">
     <span class='ocr_line' id='line_1_70' title="bbox 456 3547 2114 3621; baseline -0.007 -3"><span class='ocrx_word' id='word_1_475' title='bbox 456 3553 975 3619; x_wconf 83' lang='lat' dir='ltr'>vehementissima</span> <span class='ocrx_word' id='word_1_476' title='bbox 1005 3548 1264 3621; x_wconf 90' lang='lat' dir='ltr'>suspicio</span> <span class='ocrx_word' id='word_1_477' title='bbox 1293 3551 1402 3615; x_wconf 89' lang='lat' dir='ltr'>est,</span> <span class='ocrx_word' id='word_1_478' title='bbox 1433 3563 1549 3603; x_wconf 90' lang='lat' dir='ltr'>non</span> <span class='ocrx_word' id='word_1_479' title='bbox 1567 3547 1693 3603; x_wconf 89' lang='lat' dir='ltr'>sine</span> <span class='ocrx_word' id='word_1_480' title='bbox 1710 3548 2114 3608; x_wconf 78' lang='lat' dir='ltr'>Blanchiniaf-</span> 
     </span>
    </p>
   </div>
   <div class='ocr_carea' id='block_1_71' title="bbox 438 3636 2114 3709">
    <p class='ocr_par' dir='ltr' id='par_1_71' title="bbox 438 3636 2114 3709">
     <span class='ocr_line' id='line_1_71' title="bbox 438 3636 2114 3709; baseline -0.007 -2"><span class='ocrx_word' id='word_1_481' title='bbox 438 3651 604 3707; x_wconf 75' lang='lat' dir='ltr'>‘ﬂatu</span> <span class='ocrx_word' id='word_1_482' title='bbox 638 3640 1109 3703; x_wconf 88' lang='lat' dir='ltr'>dissertationem</span> <span class='ocrx_word' id='word_1_483' title='bbox 1137 3636 1447 3709; x_wconf 88' lang='lat' dir='ltr'>scripsisse</span> <span class='ocrx_word' id='word_1_484' title='bbox 1470 3637 1539 3692; x_wconf 93' lang='lat' dir='ltr'>de</span> <span class='ocrx_word' id='word_1_485' title='bbox 1571 3636 1917 3709; x_wconf 90' lang='lat' dir='ltr'>antiquitate</span> <span class='ocrx_word' id='word_1_486' title='bbox 1938 3644 1995 3695; x_wconf 91' lang='lat' dir='ltr'>et</span> <span class='ocrx_word' id='word_1_487' title='bbox 2016 3656 2114 3696; x_wconf 87' lang='lat' dir='ltr'>au-</span> 
     </span>
    </p>
   </div>
   <div class='ocr_carea' id='block_1_72' title="bbox 460 3725 2110 3800">
    <p class='ocr_par' dir='ltr' id='par_1_72' title="bbox 460 3725 2110 3800">
     <span class='ocr_line' id='line_1_72' title="bbox 460 3725 2110 3800; baseline -0.006 -3"><span class='ocrx_word' id='word_1_488' title='bbox 460 3743 618 3797; x_wconf 90' lang='lat' dir='ltr'>ctore</span> <span class='ocrx_word' id='word_1_489' title='bbox 640 3728 1093 3793; x_wconf 88' lang='lat' dir='ltr'>Sacramentarii</span> <span class='ocrx_word' id='word_1_490' title='bbox 1113 3726 1467 3784; x_wconf 87' lang='lat' dir='ltr'>Veronensis</span> <span class='ocrx_word' id='word_1_491' title='bbox 1486 3725 1587 3797; x_wconf 88' lang='lat' dir='ltr'>(d),</span> <span class='ocrx_word' id='word_1_492' title='bbox 1613 3726 1673 3781; x_wconf 91' lang='lat' dir='ltr'>in</span> <span class='ocrx_word' id='word_1_493' title='bbox 1697 3725 1824 3799; x_wconf 88' lang='lat' dir='ltr'>ipso</span> <span class='ocrx_word' id='word_1_494' title='bbox 1844 3728 2110 3800; x_wconf 87' lang='lat' dir='ltr'>ejusdem</span> 
     </span>
    </p>
   </div>
   <div class='ocr_carea' id='block_1_73' title="bbox 458 3815 2110 3888">
    <p class='ocr_par' dir='ltr' id='par_1_73' title="bbox 458 3815 2110 3888">
     <span class='ocr_line' id='line_1_73' title="bbox 458 3815 2110 3888; baseline -0.016 -1"><span class='ocrx_word' id='word_1_495' title='bbox 458 3825 826 3887; x_wconf 64' lang='lat' dir='ltr'>absolvenda</span> <span class='ocrx_word' id='word_1_496' title='bbox 849 3818 1100 3879; x_wconf 87' lang='lat' dir='ltr'>articulo</span> <span class='ocrx_word' id='word_1_497' title='bbox 1127 3818 1236 3874; x_wconf 90' lang='lat' dir='ltr'>sub</span> <span class='ocrx_word' id='word_1_498' title='bbox 1261 3815 1581 3888; x_wconf 87' lang='lat' dir='ltr'>epigraphe</span> <span class='ocrx_word' id='word_1_499' title='bbox 1603 3832 1615 3869; x_wconf 92' lang='lat'><strong>:</strong></span> <span class='ocrx_word' id='word_1_500' title='bbox 1640 3816 1714 3871; x_wconf 90' lang='lat' dir='ltr'>De</span> <span class='ocrx_word' id='word_1_501' title='bbox 1734 3833 1994 3888; x_wconf 88' lang='lat' dir='ltr'>suprema</span> <span class='ocrx_word' id='word_1_502' title='bbox 2014 3821 2110 3876; x_wconf 86' lang='lat' dir='ltr'>Ec-</span> 
     </span>
    </p>
   </div>
   <div class='ocr_carea' id='block_1_74' title="bbox 454 3903 2113 3978">
    <p class='ocr_par' dir='ltr' id='par_1_74' title="bbox 454 3903 2113 3978">
     <span class='ocr_line' id='line_1_74' title="bbox 454 3903 2113 3978; baseline -0.007 -1"><span class='ocrx_word' id='word_1_503' title='bbox 454 3919 645 3977; x_wconf 65' lang='lat' dir='ltr'>claim</span> <span class='ocrx_word' id='word_1_504' title='bbox 677 3917 943 3972; x_wconf 75' lang='lat' dir='ltr'>Romanae</span> <span class='ocrx_word' id='word_1_505' title='bbox 967 3909 1299 3966; x_wconf 83' lang='lat' dir='ltr'>auctoritate</span> <span class='ocrx_word' id='word_1_506' title='bbox 1328 3903 1573 3975; x_wconf 78' lang='lat' dir='ltr'>aliisque</span> <span class='ocrx_word' id='word_1_507' title='bbox 1596 3904 1672 3960; x_wconf 85' lang='lat' dir='ltr'>ad</span> <span class='ocrx_word' id='word_1_508' title='bbox 1690 3920 1810 3960; x_wconf 90' lang='lat' dir='ltr'>eam</span> <span class='ocrx_word' id='word_1_509' title='bbox 1823 3909 2113 3978; x_wconf 87' lang='lat' dir='ltr'>spectanti-</span> 
     </span>
    </p>
   </div>
   <div class='ocr_carea' id='block_1_75' title="bbox 453 3992 2107 4080">
    <p class='ocr_par' dir='ltr' id='par_1_75' title="bbox 453 3992 2107 4080">
     <span class='ocr_line' id='line_1_75' title="bbox 453 3992 2107 4080; baseline -0.007 -13"><span class='ocrx_word' id='word_1_510' title='bbox 453 4009 551 4066; x_wconf 89' lang='lat' dir='ltr'>bus</span> <span class='ocrx_word' id='word_1_511' title='bbox 564 4000 964 4080; x_wconf 83' lang='lat' dir='ltr'>(e),Laurentii</span> <span class='ocrx_word' id='word_1_512' title='bbox 987 3996 1242 4071; x_wconf 89' lang='lat' dir='ltr'>patriam</span> <span class='ocrx_word' id='word_1_513' title='bbox 1256 3992 2107 4065; x_wconf 82' lang='lat' dir='ltr'>importunissimelegentibus</span> 
     </span>
    </p>
   </div>
   <div class='ocr_carea' id='block_1_76' title="bbox 544 4099 1351 4181">
    <p class='ocr_par' dir='ltr' id='par_1_76' title="bbox 544 4099 1351 4181">
     <span class='ocr_line' id='line_1_76' title="bbox 544 4099 1351 4181; baseline -0.019 -13"><span class='ocrx_word' id='word_1_514' title='bbox 544 4114 599 4181; x_wconf 90' lang='lat' dir='ltr'>a)</span> <span class='ocrx_word' id='word_1_515' title='bbox 632 4115 767 4181; x_wconf 84' lang='lat' dir='ltr'>Pag.</span> <span class='ocrx_word' id='word_1_516' title='bbox 797 4107 925 4175; x_wconf 82' lang='lat'>293,</span> <span class='ocrx_word' id='word_1_517' title='bbox 959 4104 1069 4160; x_wconf 92' lang='lat' dir='ltr'>sub</span> <span class='ocrx_word' id='word_1_518' title='bbox 1092 4099 1351 4157; x_wconf 89' lang='lat' dir='ltr'>initium.</span> 
     </span>
    </p>
   </div>
   <div class='ocr_carea' id='block_1_77' title="bbox 520 4112 2108 4255">
    <p class='ocr_par' dir='ltr' id='par_1_77' title="bbox 520 4112 2108 4255">
     <span class='ocr_line' id='line_1_77' title="bbox 544 4112 1351 4181; baseline -0.019 -13"><span class='ocrx_word' id='word_1_519' title='bbox 544 4114 599 4181; x_wconf 90' lang='lat' dir='ltr'>a)</span> <span class='ocrx_word' id='word_1_520' title='bbox 632 4115 767 4181; x_wconf 84' lang='lat' dir='ltr'>Pag.</span> <span class='ocrx_word' id='word_1_521' title='bbox 797 4112 925 4175; x_wconf 83' lang='lat'>293,</span> <span class='ocrx_word' id='word_1_522' title='bbox 959 4112 1069 4160; x_wconf 91' lang='lat' dir='ltr'>sub</span> <span class='ocrx_word' id='word_1_523' title='bbox 1092 4112 1351 4157; x_wconf 75' lang='lat' dir='ltr'>initium.</span> 
     </span>
     <span class='ocr_line' id='line_1_78' title="bbox 520 4112 2108 4255; baseline -0.013 -16"><span class='ocrx_word' id='word_1_524' title='bbox 520 4112 599 4255; x_wconf 56' lang='grc' dir='ltr'>ξιτ)</span> <span class='ocrx_word' id='word_1_525' title='bbox 650 4185 761 4252; x_wconf 85' lang='lat' dir='ltr'>Ego</span> <span class='ocrx_word' id='word_1_526' title='bbox 816 4188 1193 4255; x_wconf 59' lang='lat' dir='ltr'>numquamne</span> <span class='ocrx_word' id='word_1_527' title='bbox 1232 4185 1578 4255; x_wconf 54' lang='lat' dir='ltr'>reponam</span> <span class='ocrx_word' id='word_1_528' title='bbox 1605 4169 1703 4255; x_wconf 60' lang='lat' dir='ltr'>Mf,</span> <span class='ocrx_word' id='word_1_529' title='bbox 1734 4185 1841 4238; x_wconf 83' lang='lat' dir='ltr'>me,</span> <span class='ocrx_word' id='word_1_530' title='bbox 1878 4172 2108 4230; x_wconf 55' lang='lat' dir='ltr'>adsum?</span> 
     </span>
    </p>
   </div>
   <div class='ocr_carea' id='block_1_78' title="bbox 447 4243 2102 4324">
    <p class='ocr_par' dir='ltr' id='par_1_78' title="bbox 447 4243 2102 4324">
     <span class='ocr_line' id='line_1_79' title="bbox 447 4243 2102 4324; baseline -0.005 -14"><span class='ocrx_word' id='word_1_531' title='bbox 447 4243 804 4324; x_wconf 46' lang='lat' dir='ltr'>Et‘quoniam</span> <span class='ocrx_word' id='word_1_532' title='bbox 831 4251 887 4306; x_wconf 91' lang='lat' dir='ltr'>S.</span> <span class='ocrx_word' id='word_1_533' title='bbox 909 4243 980 4303; x_wconf 44' lang='lat' dir='ltr'>P.-</span> <span class='ocrx_word' id='word_1_534' title='bbox 1006 4248 1067 4316; x_wconf 84' lang='lat' dir='ltr'>Q.</span> <span class='ocrx_word' id='word_1_535' title='bbox 1114 4249 1181 4301; x_wconf 74' lang='grc' dir='ltr'>Β.</span> <span class='ocrx_word' id='word_1_536' title='bbox 1206 4244 1424 4324; x_wconf 65' lang='lat' dir='ltr'>decreto</span> <span class='ocrx_word' id='word_1_537' title='bbox 1451 4243 1603 4324; x_wconf 56' lang='lat' dir='ltr'>civis</span> <span class='ocrx_word' id='word_1_538' title='bbox 1642 4243 1919 4324; x_wconf 77' lang='lat' dir='ltr'>Romanus</span> <span class='ocrx_word' id='word_1_539' title='bbox 1960 4262 2102 4313; x_wconf 85' lang='lat' dir='ltr'>sum,</span> 
     </span>
    </p>
   </div>
   <div class='ocr_carea' id='block_1_79' title="bbox 444 4313 2105 4388">
    <p class='ocr_par' dir='ltr' id='par_1_79' title="bbox 444 4313 2105 4388">
     <span class='ocr_line' id='line_1_80' title="bbox 444 4313 2105 4388; baseline -0.005 -7"><span class='ocrx_word' id='word_1_540' title='bbox 444 4313 809 4381; x_wconf 70' lang='lat' dir='ltr'>Laurentium</span> <span class='ocrx_word' id='word_1_541' title='bbox 840 4313 1145 4377; x_wconf 76' lang='lat' dir='ltr'>Romanum</span> <span class='ocrx_word' id='word_1_542' title='bbox 1188 4318 1370 4388; x_wconf 73' lang='lat' dir='ltr'>fuisse</span> <span class='ocrx_word' id='word_1_543' title='bbox 1429 4313 1607 4388; x_wconf 35' lang='lat' dir='ltr'>dicat</span> <span class='ocrx_word' id='word_1_544' title='bbox 1632 4314 1868 4385; x_wconf 81' lang='lat' dir='ltr'>vindico,</span> <span class='ocrx_word' id='word_1_545' title='bbox 1911 4323 2105 4388; x_wconf 75' lang='lat' dir='ltr'>repeto</span> 
     </span>
    </p>
   </div>
   <div class='ocr_carea' id='block_1_80' title="bbox 445 4385 2105 4467">
    <p class='ocr_par' dir='ltr' id='par_1_80' title="bbox 445 4385 2105 4467">
     <span class='ocr_line' id='line_1_81' title="bbox 445 4385 2105 4467; baseline -0.004 -14"><span class='ocrx_word' id='word_1_546' title='bbox 445 4406 610 4467; x_wconf 86' lang='lat' dir='ltr'>atque</span> <span class='ocrx_word' id='word_1_547' title='bbox 638 4393 897 4463; x_wconf 80' lang='lat' dir='ltr'>conﬁrmo</span> <span class='ocrx_word' id='word_1_548' title='bbox 926 4390 1009 4467; x_wconf 62' lang='lat' dir='ltr'>ait</span> <span class='ocrx_word' id='word_1_549' title='bbox 1043 4385 1525 4467; x_wconf 49' lang='lat' dir='ltr'>eiusdem_populi</span> <span class='ocrx_word' id='word_1_550' title='bbox 1577 4386 1811 4467; x_wconf 48' lang='lat' dir='ltr'>immani</span> <span class='ocrx_word' id='word_1_551' title='bbox 1857 4385 2105 4467; x_wconf 60' lang='lat' dir='ltr'>gloriam</span> 
     </span>
    </p>
   </div>
   <div class='ocr_carea' id='block_1_81' title="bbox 450 4454 2103 4538">
    <p class='ocr_par' dir='ltr' id='par_1_81' title="bbox 450 4454 2103 4538">
     <span class='ocr_line' id='line_1_82' title="bbox 450 4454 2103 4538; baseline -0.004 -14"><span class='ocrx_word' id='word_1_552' title='bbox 450 4454 786 4538; x_wconf 73' lang='lat' dir='ltr'>laudemque</span> <span class='ocrx_word' id='word_1_553' title='bbox 814 4463 1226 4538; x_wconf 80' lang='lat' dir='ltr'>sempiternam.</span> <span class='ocrx_word' id='word_1_554' title='bbox 1259 4454 1343 4538; x_wconf 58' lang='lat' dir='ltr'>Et</span> <span class='ocrx_word' id='word_1_555' title='bbox 1369 4454 1541 4526; x_wconf 89' lang='lat' dir='ltr'>paulo</span> <span class='ocrx_word' id='word_1_556' title='bbox 1576 4454 1872 4538; x_wconf 33' lang='lat' dir='ltr'>infe-rius;—</span> <span class='ocrx_word' id='word_1_557' title='bbox 1893 4461 2103 4538; x_wconf 68' lang='lat' dir='ltr'>[ioc</span> 
     </span>
    </p>
   </div>
   <div class='ocr_carea' id='block_1_82' title="bbox 450 4529 2102 4612">
    <p class='ocr_par' dir='ltr' id='par_1_82' title="bbox 450 4529 2102 4612">
     <span class='ocr_line' id='line_1_83' title="bbox 450 4529 2102 4612; baseline -0.007 -16"><span class='ocrx_word' id='word_1_558' title='bbox 450 4540 634 4612; x_wconf 86' lang='lat' dir='ltr'>igitur</span> <span class='ocrx_word' id='word_1_559' title='bbox 663 4529 1050 4612; x_wconf 75' lang='lat' dir='ltr'>limpidissimo</span> <span class='ocrx_word' id='word_1_560' title='bbox 1079 4538 1230 4601; x_wconf 77' lang='lat' dir='ltr'>[ante</span> <span class='ocrx_word' id='word_1_561' title='bbox 1253 4529 1806 4612; x_wconf 72' lang='lat' dir='ltr'>(Sacramentarium</span> <span class='ocrx_word' id='word_1_562' title='bbox 1821 4532 2102 4612; x_wconf 69' lang='lat' dir='ltr'>intelligit</span> 
     </span>
    </p>
   </div>
   <div class='ocr_carea' id='block_1_83' title="bbox 446 4598 2096 4677">
    <p class='ocr_par' dir='ltr' id='par_1_83' title="bbox 446 4598 2096 4677">
     <span class='ocr_line' id='line_1_84' title="bbox 446 4598 2096 4677; baseline -0.004 -11"><span class='ocrx_word' id='word_1_563' title='bbox 446 4598 802 4675; x_wconf 61' lang='lat' dir='ltr'>Veronense)</span> <span class='ocrx_word' id='word_1_564' title='bbox 852 4598 1107 4677; x_wconf 53' lang='lat' dir='ltr'>puriore};</span> <span class='ocrx_word' id='word_1_565' title='bbox 1154 4616 1334 4672; x_wconf 86' lang='lat' dir='ltr'>aquas</span> <span class='ocrx_word' id='word_1_566' title='bbox 1377 4598 1659 4677; x_wconf 78' lang='lat' dir='ltr'>hauriam,</span> <span class='ocrx_word' id='word_1_567' title='bbox 1705 4598 2096 4677; x_wconf 66' lang='lat' dir='ltr'>perﬂatumque</span> 
     </span>
    </p>
   </div>
   <div class='ocr_carea' id='block_1_84' title="bbox 437 4672 2095 4756">
    <p class='ocr_par' dir='ltr' id='par_1_84' title="bbox 437 4672 2095 4756">
     <span class='ocr_line' id='line_1_85' title="bbox 437 4672 2095 4756; baseline -0.008 -17"><span class='ocrx_word' id='word_1_568' title='bbox 437 4685 708 4756; x_wconf 86' lang='lat' dir='ltr'>profecto,</span> <span class='ocrx_word' id='word_1_569' title='bbox 738 4672 801 4735; x_wconf 80' lang='lat' dir='ltr'>ut</span> <span class='ocrx_word' id='word_1_570' title='bbox 823 4672 1333 4756; x_wconf 62' lang='lat' dir='ltr'>Laurentiummon</span> <span class='ocrx_word' id='word_1_571' title='bbox 1352 4672 1754 4756; x_wconf 74' lang='lat' dir='ltr'>segrepandum</span> <span class='ocrx_word' id='word_1_572' title='bbox 1786 4673 1945 4756; x_wconf 60' lang='lat' dir='ltr'>(sic),</span> <span class='ocrx_word' id='word_1_573' title='bbox 1968 4672 2095 4756; x_wconf 60' lang='lat' dir='ltr'>cum</span> 
     </span>
    </p>
   </div>
   <div class='ocr_carea' id='block_1_85' title="bbox 438 4744 2093 4821">
    <p class='ocr_par' dir='ltr' id='par_1_85' title="bbox 438 4744 2093 4821">
     <span class='ocr_line' id='line_1_86' title="bbox 438 4744 2093 4821; baseline 0.001 -18"><span class='ocrx_word' id='word_1_574' title='bbox 438 4744 511 4812; x_wconf 73' lang='grc' dir='ltr'>ζςίι</span> <span class='ocrx_word' id='word_1_575' title='bbox 527 4744 805 4811; x_wconf 70' lang='lat' dir='ltr'>Romanus</span> <span class='ocrx_word' id='word_1_576' title='bbox 820 4748 977 4815; x_wconf 86' lang='lat' dir='ltr'>civis,</span> <span class='ocrx_word' id='word_1_577' title='bbox 992 4764 1027 4803; x_wconf 90' lang='lat' dir='ltr'>a</span> <span class='ocrx_word' id='word_1_578' title='bbox 1054 4759 1284 4821; x_wconf 80' lang='lat' dir='ltr'>numero</span> <span class='ocrx_word' id='word_1_579' title='bbox 1307 4744 1549 4821; x_wconf 70' lang='lat' dir='ltr'>ciuium;</span> <span class='ocrx_word' id='word_1_580' title='bbox 1577 4745 1677 4821; x_wconf 76' lang='lat' dir='ltr'>sect</span> <span class='ocrx_word' id='word_1_581' title='bbox 1691 4744 1903 4821; x_wconf 70' lang='lat' dir='ltr'>contra</span> <span class='ocrx_word' id='word_1_582' title='bbox 1924 4750 2093 4805; x_wconf 87' lang='lat' dir='ltr'>totius</span> 
     </span>
    </p>
   </div>
   <div class='ocr_carea' id='block_1_86' title="bbox 441 4813 2090 4893">
    <p class='ocr_par' dir='ltr' id='par_1_86' title="bbox 441 4813 2090 4893">
     <span class='ocr_line' id='line_1_87' title="bbox 441 4813 2090 4893; baseline -0.013 -8"><span class='ocrx_word' id='word_1_583' title='bbox 441 4828 600 4886; x_wconf 86' lang='lat' dir='ltr'>Urbis</span> <span class='ocrx_word' id='word_1_584' title='bbox 618 4834 672 4883; x_wconf 83' lang='lat' dir='ltr'>et</span> <span class='ocrx_word' id='word_1_585' title='bbox 691 4825 840 4881; x_wconf 83' lang='lat' dir='ltr'>sacri</span> <span class='ocrx_word' id='word_1_586' title='bbox 852 4813 1147 4893; x_wconf 82' lang='lat' dir='ltr'>apostolici</span> <span class='ocrx_word' id='word_1_587' title='bbox 1167 4813 1398 4893; x_wconf 61' lang='lat' dir='ltr'>collegii</span> <span class='ocrx_word' id='word_1_588' title='bbox 1406 4814 1803 4893; x_wconf 75' lang='lat' dir='ltr'>acclamatione</span> <span class='ocrx_word' id='word_1_589' title='bbox 1847 4824 2090 4889; x_wconf 71' lang='grc' dir='ltr'>νερειεῂ.</span> 
     </span>
    </p>
   </div>
   <div class='ocr_carea' id='block_1_87' title="bbox 436 4885 2089 4971">
    <p class='ocr_par' dir='ltr' id='par_1_87' title="bbox 436 4885 2089 4971">
     <span class='ocr_line' id='line_1_88' title="bbox 436 4885 2089 4971; baseline -0.007 -14"><span class='ocrx_word' id='word_1_590' title='bbox 436 4885 568 4956; x_wconf 74' lang='lat' dir='ltr'>dum</span> <span class='ocrx_word' id='word_1_591' title='bbox 596 4913 714 4955; x_wconf 83' lang='lat' dir='ltr'>esse</span> <span class='ocrx_word' id='word_1_592' title='bbox 764 4885 1055 4971; x_wconf 75' lang='lat' dir='ltr'>fateantur</span> <span class='ocrx_word' id='word_1_593' title='bbox 1099 4904 1286 4946; x_wconf 86' lang='lat' dir='ltr'>omnes</span> <span class='ocrx_word' id='word_1_594' title='bbox 1339 4885 1673 4958; x_wconf 85' lang='lat' dir='ltr'>(Blanchin.,</span> <span class='ocrx_word' id='word_1_595' title='bbox 1734 4885 1932 4945; x_wconf 80' lang='lat' dir='ltr'>Annot.</span> <span class='ocrx_word' id='word_1_596' title='bbox 1967 4893 2089 4962; x_wconf 85' lang='grc'>106,</span> 
     </span>
    </p>
   </div>
   <div class='ocr_carea' id='block_1_88' title="bbox 437 4971 1769 5045">
    <p class='ocr_par' dir='ltr' id='par_1_88' title="bbox 437 4971 1769 5045">
     <span class='ocr_line' id='line_1_89' title="bbox 437 4971 1769 5045; baseline -0.003 0"><span class='ocrx_word' id='word_1_597' title='bbox 437 4971 745 5045; x_wconf 71' lang='lat' dir='ltr'>Pas-292)-</span> <span class='ocrx_word' id='word_1_598' title='bbox 814 5040 883 5045; x_wconf 21' lang='grc' dir='ltr'>Α,</span> <span class='ocrx_word' id='word_1_599' title='bbox 953 5037 968 5045; x_wconf 88' lang='grc'>-</span> <span class='ocrx_word' id='word_1_600' title='bbox 1053 5037 1063 5045; x_wconf 87' lang='grc'>.</span> <span class='ocrx_word' id='word_1_601' title='bbox 1165 5036 1175 5045; x_wconf 91' lang='grc'>.</span> <span class='ocrx_word' id='word_1_602' title='bbox 1315 5031 1348 5045; x_wconf 66' lang='grc' dir='ltr'>η</span> <span class='ocrx_word' id='word_1_603' title='bbox 1639 5033 1650 5045; x_wconf 92' lang='grc'><strong>.</strong></span> <span class='ocrx_word' id='word_1_604' title='bbox 1735 5028 1769 5040; x_wconf 94' lang='grc'><strong>..</strong></span> 
     </span>
    </p>
   </div>
   <div class='ocr_carea' id='block_1_89' title="bbox 476 5030 2089 5127">
    <p class='ocr_par' dir='ltr' id='par_1_89' title="bbox 476 5030 2089 5127">
     <span class='ocr_line' id='line_1_90' title="bbox 476 5030 2089 5127; baseline -0.007 -26"><span class='ocrx_word' id='word_1_605' title='bbox 476 5030 576 5127; x_wconf 43' lang='grc' dir='ltr'>,(ὶ)</span> <span class='ocrx_word' id='word_1_606' title='bbox 611 5030 910 5127; x_wconf 69' lang='lat' dir='ltr'>Dissertat.</span> <span class='ocrx_word' id='word_1_607' title='bbox 938 5037 1007 5092; x_wconf 91' lang='lat' dir='ltr'>de</span> <span class='ocrx_word' id='word_1_608' title='bbox 1036 5030 2089 5127; x_wconf 38' lang='lat' dir='ltr'>A1ucto‘re_§aeramentariiyeroncn-</span> 
     </span>
    </p>
   </div>
   <div class='ocr_carea' id='block_1_90' title="bbox 440 5102 2087 5189">
    <p class='ocr_par' dir='ltr' id='par_1_90' title="bbox 440 5102 2087 5189">
     <span class='ocr_line' id='line_1_91' title="bbox 440 5102 2087 5189; baseline -0.005 -19"><span class='ocrx_word' id='word_1_609' title='bbox 440 5102 524 5171; x_wconf 78' lang='lat' dir='ltr'>sis</span> <span class='ocrx_word' id='word_1_610' title='bbox 555 5102 731 5189; x_wconf 78' lang='lat' dir='ltr'>quam</span> <span class='ocrx_word' id='word_1_611' title='bbox 762 5108 938 5185; x_wconf 70' lang='lat' dir='ltr'>praalo</span> <span class='ocrx_word' id='word_1_612' title='bbox 967 5111 1260 5163; x_wconf 90' lang='lat' dir='ltr'>maturam</span> <span class='ocrx_word' id='word_1_613' title='bbox 1279 5120 1388 5159; x_wconf 88' lang='lat' dir='ltr'>suo</span> <span class='ocrx_word' id='word_1_614' title='bbox 1407 5104 1670 5171; x_wconf 87' lang='lat' dir='ltr'>tempore</span> <span class='ocrx_word' id='word_1_615' title='bbox 1686 5102 1974 5161; x_wconf 90' lang='lat' dir='ltr'>edendam</span> <span class='ocrx_word' id='word_1_616' title='bbox 1994 5123 2087 5163; x_wconf 84' lang='lat' dir='ltr'>cu-</span> 
     </span>
    </p>
   </div>
   <div class='ocr_carea' id='block_1_91' title="bbox 440 5187 2086 5329">
    <p class='ocr_par' dir='ltr' id='par_1_91' title="bbox 440 5187 2086 5329">
     <span class='ocr_line' id='line_1_92' title="bbox 440 5187 2086 5329; baseline -0.003 -18"><span class='ocrx_word' id='word_1_617' title='bbox 440 5187 1344 5329; x_wconf 51' lang='lat' dir='ltr'>raFel)ﬂi&gt;li-z.diit_ea__ftomae_i748,</span> <span class='ocrx_word' id='word_1_618' title='bbox 1397 5242 1596 5329; x_wconf 71' lang='lat' dir='ltr'>italico</span> <span class='ocrx_word' id='word_1_619' title='bbox 1640 5260 1927 5329; x_wconf 63' lang='lat' dir='ltr'>sermone,</span> <span class='ocrx_word' id='word_1_620' title='bbox 1978 5252 2086 5306; x_wconf 84' lang='lat' dir='ltr'>sub</span> 
     </span>
    </p>
   </div>
   <div class='ocr_carea' id='block_1_92' title="bbox 432 5317 2086 5390">
    <p class='ocr_par' dir='ltr' id='par_1_92' title="bbox 432 5317 2086 5390">
     <span class='ocr_line' id='line_1_93' title="bbox 432 5317 2086 5390; baseline -0.014 -4"><span class='ocrx_word' id='word_1_621' title='bbox 432 5317 739 5384; x_wconf 59' lang='lat' dir='ltr'>hoc&#39;titulo</span> <span class='ocrx_word' id='word_1_622' title='bbox 766 5344 779 5383; x_wconf 88' lang='lat'><strong>:</strong></span> <span class='ocrx_word' id='word_1_623' title='bbox 814 5321 948 5381; x_wconf 87' lang='lat' dir='ltr'>Dell’</span> <span class='ocrx_word' id='word_1_624' title='bbox 979 5318 1283 5387; x_wconf 80' lang='lat' dir='ltr'>Antichila,</span> <span class='ocrx_word' id='word_1_625' title='bbox 1315 5321 1506 5390; x_wconf 80' lang='lat' dir='ltr'>autore</span> <span class='ocrx_word' id='word_1_626' title='bbox 1531 5332 1561 5370; x_wconf 92' lang='lat' dir='ltr'>e</span> <span class='ocrx_word' id='word_1_627' title='bbox 1581 5317 1741 5387; x_wconf 84' lang='lat' dir='ltr'>pregi</span> <span class='ocrx_word' id='word_1_628' title='bbox 1769 5318 1853 5390; x_wconf 84' lang='lat' dir='ltr'>del</span> <span class='ocrx_word' id='word_1_629' title='bbox 1885 5320 2086 5390; x_wconf 71' lang='lat' dir='ltr'>Sagra-</span> 
     </span>
    </p>
   </div>
   <div class='ocr_carea' id='block_1_93' title="bbox 430 5388 2086 5485">
    <p class='ocr_par' dir='ltr' id='par_1_93' title="bbox 430 5388 2086 5485">
     <span class='ocr_line' id='line_1_94' title="bbox 430 5388 2086 5485; baseline -0.006 -29"><span class='ocrx_word' id='word_1_630' title='bbox 430 5399 1028 5485; x_wconf 55' lang='lat' dir='ltr'>mentariol’eronesse</span> <span class='ocrx_word' id='word_1_631' title='bbox 1056 5392 1335 5463; x_wconf 85' lang='lat' dir='ltr'>publicato</span> <span class='ocrx_word' id='word_1_632' title='bbox 1365 5388 1458 5442; x_wconf 86' lang='lat' dir='ltr'>dal</span> <span class='ocrx_word' id='word_1_633' title='bbox 1488 5391 1558 5442; x_wconf 83' lang='lat' dir='ltr'>M.</span> <span class='ocrx_word' id='word_1_634' title='bbox 1594 5390 1654 5442; x_wconf 73' lang='grc' dir='ltr'>Β.</span> <span class='ocrx_word' id='word_1_635' title='bbox 1716 5392 1778 5443; x_wconf 82' lang='grc' dir='ltr'>Ρ.</span> <span class='ocrx_word' id='word_1_636' title='bbox 1825 5388 2086 5465; x_wconf 74' lang='lat' dir='ltr'>Giuseppe</span> 
     </span>
    </p>
   </div>
   <div class='ocr_carea' id='block_1_94' title="bbox 431 5471 2085 5615">
    <p class='ocr_par' dir='ltr' id='par_1_94' title="bbox 431 5471 2085 5615">
     <span class='ocr_line' id='line_1_95' title="bbox 431 5471 759 5527; baseline -0.015 0"><span class='ocrx_word' id='word_1_637' title='bbox 431 5471 759 5527; x_wconf 84' lang='lat' dir='ltr'>Bianchini.</span> 
     </span>
     <span class='ocr_line' id='line_1_96' title="bbox 498 5529 2085 5615; baseline -0.003 -18"><span class='ocrx_word' id='word_1_638' title='bbox 498 5544 569 5614; x_wconf 72' lang='grc' dir='ltr'>(θ)</span> <span class='ocrx_word' id='word_1_639' title='bbox 594 5544 743 5615; x_wconf 67' lang='lat' dir='ltr'>Part.</span> <span class='ocrx_word' id='word_1_640' title='bbox 780 5556 867 5615; x_wconf 60' lang='lat' dir='ltr'>in,</span> <span class='ocrx_word' id='word_1_641' title='bbox 892 5537 1011 5615; x_wconf 77' lang='lat' dir='ltr'>_s_u_h</span> <span class='ocrx_word' id='word_1_642' title='bbox 1064 5535 1174 5615; x_wconf 72' lang='lat' dir='ltr'>hac</span> <span class='ocrx_word' id='word_1_643' title='bbox 1205 5529 1620 5615; x_wconf 28' lang='lat' dir='ltr'>epigrapheEA§</span> <span class='ocrx_word' id='word_1_644' title='bbox 1651 5529 1772 5615; x_wconf 77' lang='lat' dir='ltr'>Xll.</span> <span class='ocrx_word' id='word_1_645' title='bbox 1821 5531 2085 5615; x_wconf 65' lang='lat' dir='ltr'>Suprema</span> 
     </span>
    </p>
   </div>
   <div class='ocr_carea' id='block_1_95' title="bbox 423 5601 2086 5675">
    <p class='ocr_par' dir='ltr' id='par_1_95' title="bbox 423 5601 2086 5675">
     <span class='ocr_line' id='line_1_97' title="bbox 423 5601 2086 5675; baseline -0.008 -1"><span class='ocrx_word' id='word_1_646' title='bbox 423 5601 683 5673; x_wconf 47' lang='lat' dir='ltr'>au‘lo&#39;rita</span> <span class='ocrx_word' id='word_1_647' title='bbox 701 5601 1075 5668; x_wconf 49' lang='lat' dir='ltr'>della&#39;Chiesa</span> <span class='ocrx_word' id='word_1_648' title='bbox 1104 5601 1367 5671; x_wconf 77' lang='lat' dir='ltr'>Romana,</span> <span class='ocrx_word' id='word_1_649' title='bbox 1400 5601 1467 5658; x_wconf 76' lang='lat' dir='ltr'>ed</span> <span class='ocrx_word' id='word_1_650' title='bbox 1499 5601 1643 5656; x_wconf 87' lang='lat' dir='ltr'>altre</span> <span class='ocrx_word' id='word_1_651' title='bbox 1660 5603 1774 5657; x_wconf 88' lang='lat' dir='ltr'>cise</span> <span class='ocrx_word' id='word_1_652' title='bbox 1818 5601 2086 5675; x_wconf 79' lang='lat' dir='ltr'>spetlanti</span> 
     </span>
    </p>
   </div>
   <div class='ocr_carea' id='block_1_96' title="bbox 2219 3458 3880 3534">
    <p class='ocr_par' dir='ltr' id='par_1_96' title="bbox 2219 3458 3880 3534">
     <span class='ocr_line' id='line_1_98' title="bbox 2219 3458 3880 3534; baseline 0.002 -19"><span class='ocrx_word' id='word_1_653' title='bbox 2219 3458 2433 3515; x_wconf 69' lang='lat' dir='ltr'>Laalius</span> <span class='ocrx_word' id='word_1_654' title='bbox 2482 3458 2635 3514; x_wconf 90' lang='lat' dir='ltr'>inter</span> <span class='ocrx_word' id='word_1_655' title='bbox 2688 3462 2983 3516; x_wconf 85' lang='lat' dir='ltr'>Romanos</span> <span class='ocrx_word' id='word_1_656' title='bbox 3028 3458 3179 3515; x_wconf 86' lang='lat' dir='ltr'>cives</span> <span class='ocrx_word' id='word_1_657' title='bbox 3230 3462 3677 3517; x_wconf 88' lang='lat' dir='ltr'>recensendum.</span> <span class='ocrx_word' id='word_1_658' title='bbox 3728 3463 3880 3534; x_wconf 86' lang='lat' dir='ltr'>Ejus</span> 
     </span>
    </p>
   </div>
   <div class='ocr_carea' id='block_1_97' title="bbox 2215 3546 3875 3622">
    <p class='ocr_par' dir='ltr' id='par_1_97' title="bbox 2215 3546 3875 3622">
     <span class='ocr_line' id='line_1_99' title="bbox 2215 3546 3875 3622; baseline 0.004 -20"><span class='ocrx_word' id='word_1_659' title='bbox 2215 3546 2576 3622; x_wconf 78' lang='grc' dir='ltr'>ἀναρμοστίας</span> <span class='ocrx_word' id='word_1_660' title='bbox 2608 3565 2871 3616; x_wconf 91' lang='lat' dir='ltr'>causam,</span> <span class='ocrx_word' id='word_1_661' title='bbox 2903 3551 3039 3621; x_wconf 90' lang='lat' dir='ltr'>quia</span> <span class='ocrx_word' id='word_1_662' title='bbox 3062 3566 3169 3607; x_wconf 88' lang='lat' dir='ltr'>nos</span> <span class='ocrx_word' id='word_1_663' title='bbox 3200 3550 3340 3606; x_wconf 91' lang='lat' dir='ltr'>alibi</span> <span class='ocrx_word' id='word_1_664' title='bbox 3373 3551 3443 3606; x_wconf 91' lang='lat' dir='ltr'>de</span> <span class='ocrx_word' id='word_1_665' title='bbox 3491 3555 3743 3609; x_wconf 89' lang='lat' dir='ltr'>Damaso</span> <span class='ocrx_word' id='word_1_666' title='bbox 3774 3552 3875 3608; x_wconf 91' lang='lat' dir='ltr'>lo-</span> 
     </span>
    </p>
   </div>
   <div class='ocr_carea' id='block_1_98' title="bbox 2216 3638 3877 3711">
    <p class='ocr_par' dir='ltr' id='par_1_98' title="bbox 2216 3638 3877 3711">
     <span class='ocr_line' id='line_1_100' title="bbox 2216 3638 3877 3711; baseline 0.002 -17"><span class='ocrx_word' id='word_1_667' title='bbox 2216 3646 2462 3711; x_wconf 84' lang='lat' dir='ltr'>quentes</span> <span class='ocrx_word' id='word_1_668' title='bbox 2493 3638 2883 3695; x_wconf 89' lang='lat' dir='ltr'>indicavimus</span> <span class='ocrx_word' id='word_1_669' title='bbox 2914 3641 3011 3709; x_wconf 85' lang='lat' dir='ltr'>(k),</span> <span class='ocrx_word' id='word_1_670' title='bbox 3044 3639 3152 3694; x_wconf 91' lang='lat' dir='ltr'>hoc</span> <span class='ocrx_word' id='word_1_671' title='bbox 3198 3638 3324 3695; x_wconf 90' lang='lat' dir='ltr'>loco</span> <span class='ocrx_word' id='word_1_672' title='bbox 3374 3640 3619 3696; x_wconf 89' lang='lat' dir='ltr'>missam</span> <span class='ocrx_word' id='word_1_673' title='bbox 3675 3640 3877 3699; x_wconf 80' lang='lat' dir='ltr'>facere</span> 
     </span>
    </p>
   </div>
   <div class='ocr_carea' id='block_1_99' title="bbox 2214 3727 2456 3801">
    <p class='ocr_par' dir='ltr' id='par_1_99' title="bbox 2214 3727 2456 3801">
     <span class='ocr_line' id='line_1_101' title="bbox 2214 3727 2456 3801; baseline 0 -18"><span class='ocrx_word' id='word_1_674' title='bbox 2214 3727 2456 3801; x_wconf 87' lang='lat' dir='ltr'>placuit.</span> 
     </span>
    </p>
   </div>
   <div class='ocr_carea' id='block_1_100' title="bbox 2285 3816 3871 3891">
    <p class='ocr_par' dir='ltr' id='par_1_100' title="bbox 2285 3816 3871 3891">
     <span class='ocr_line' id='line_1_102' title="bbox 2285 3816 3871 3891; baseline 0.003 -18"><span class='ocrx_word' id='word_1_675' title='bbox 2285 3816 2664 3874; x_wconf 90' lang='lat' dir='ltr'>Clarissimus</span> <span class='ocrx_word' id='word_1_676' title='bbox 2694 3821 2969 3890; x_wconf 82' lang='lat' dir='ltr'>praeterea</span> <span class='ocrx_word' id='word_1_677' title='bbox 2999 3819 3294 3875; x_wconf 85' lang='lat' dir='ltr'>Romanus</span> <span class='ocrx_word' id='word_1_678' title='bbox 3313 3834 3493 3891; x_wconf 89' lang='lat' dir='ltr'>eques</span> <span class='ocrx_word' id='word_1_679' title='bbox 3512 3818 3871 3877; x_wconf 88' lang='lat' dir='ltr'>Franciscus</span> 
     </span>
    </p>
   </div>
   <div class='ocr_carea' id='block_1_101' title="bbox 2213 3906 3870 3979">
    <p class='ocr_par' dir='ltr' id='par_1_101' title="bbox 2213 3906 3870 3979">
     <span class='ocr_line' id='line_1_103' title="bbox 2213 3906 3870 3979; baseline 0.003 -18"><span class='ocrx_word' id='word_1_680' title='bbox 2213 3907 2508 3963; x_wconf 86' lang='lat' dir='ltr'>Victorius</span> <span class='ocrx_word' id='word_1_681' title='bbox 2538 3907 2716 3979; x_wconf 92' lang='lat' dir='ltr'>(quod</span> <span class='ocrx_word' id='word_1_682' title='bbox 2752 3907 2896 3962; x_wconf 91' lang='lat' dir='ltr'>mihi</span> <span class='ocrx_word' id='word_1_683' title='bbox 2925 3907 3195 3963; x_wconf 90' lang='lat' dir='ltr'>absoluta</span> <span class='ocrx_word' id='word_1_684' title='bbox 3232 3907 3340 3964; x_wconf 90' lang='lat' dir='ltr'>hac</span> <span class='ocrx_word' id='word_1_685' title='bbox 3363 3906 3769 3966; x_wconf 88' lang='lat' dir='ltr'>lucubratione</span> <span class='ocrx_word' id='word_1_686' title='bbox 3789 3926 3870 3966; x_wconf 84' lang='lat' dir='ltr'>ex</span> 
     </span>
    </p>
   </div>
   <div class='ocr_carea' id='block_1_102' title="bbox 2212 3997 3869 4072">
    <p class='ocr_par' dir='ltr' id='par_1_102' title="bbox 2212 3997 3869 4072">
     <span class='ocr_line' id='line_1_104' title="bbox 2212 3997 3869 4072; baseline 0.003 -20"><span class='ocrx_word' id='word_1_687' title='bbox 2212 3997 2453 4053; x_wconf 87' lang='lat' dir='ltr'>fortuito</span> <span class='ocrx_word' id='word_1_688' title='bbox 2471 4013 2604 4053; x_wconf 91' lang='lat' dir='ltr'>cum</span> <span class='ocrx_word' id='word_1_689' title='bbox 2631 3997 2759 4068; x_wconf 74' lang='lat' dir='ltr'>ipso</span> <span class='ocrx_word' id='word_1_690' title='bbox 2782 3998 2933 4069; x_wconf 88' lang='lat' dir='ltr'>apud</span> <span class='ocrx_word' id='word_1_691' title='bbox 2957 3997 3348 4054; x_wconf 87' lang='lat' dir='ltr'>Blanchinum</span> <span class='ocrx_word' id='word_1_692' title='bbox 3372 3997 3662 4072; x_wconf 86' lang='lat' dir='ltr'>colloquio</span> <span class='ocrx_word' id='word_1_693' title='bbox 3682 4015 3869 4057; x_wconf 88' lang='lat' dir='ltr'>nosse</span> 
     </span>
    </p>
   </div>
   <div class='ocr_carea' id='block_1_103' title="bbox 2208 4104 2453 4161">
    <p class='ocr_par' dir='ltr' id='par_1_103' title="bbox 2208 4104 2453 4161">
     <span class='ocr_line' id='line_1_105' title="bbox 2208 4104 2453 4161; baseline -0.004 0"><span class='ocrx_word' id='word_1_694' title='bbox 2208 4104 2285 4161; x_wconf 90' lang='lat' dir='ltr'>ad</span> <span class='ocrx_word' id='word_1_695' title='bbox 2313 4120 2453 4160; x_wconf 76' lang='lat' dir='ltr'>ossa.</span> 
     </span>
    </p>
   </div>
   <div class='ocr_carea' id='block_1_104' title="bbox 2280 4175 3868 4251">
    <p class='ocr_par' dir='ltr' id='par_1_104' title="bbox 2280 4175 3868 4251">
     <span class='ocr_line' id='line_1_106' title="bbox 2280 4175 3868 4251; baseline 0.002 -19"><span class='ocrx_word' id='word_1_696' title='bbox 2280 4177 2348 4248; x_wconf 69' lang='grc' dir='ltr'>(γ’)</span> <span class='ocrx_word' id='word_1_697' title='bbox 2378 4175 2598 4251; x_wconf 72' lang='lat' dir='ltr'>Prodiit</span> <span class='ocrx_word' id='word_1_698' title='bbox 2628 4176 2911 4251; x_wconf 69' lang='lat' dir='ltr'>Merendae</span> <span class='ocrx_word' id='word_1_699' title='bbox 2944 4193 3089 4251; x_wconf 86' lang='lat' dir='ltr'>opus</span> <span class='ocrx_word' id='word_1_700' title='bbox 3114 4176 3307 4232; x_wconf 62' lang='lat' dir='ltr'>Romae</span> <span class='ocrx_word' id='word_1_701' title='bbox 3336 4177 3474 4251; x_wconf 49' lang='lat'>1755</span> <span class='ocrx_word' id='word_1_702' title='bbox 3505 4178 3868 4251; x_wconf 78' lang='lat' dir='ltr'>inscriptum</span> 
     </span>
    </p>
   </div>
   <div class='ocr_carea' id='block_1_105' title="bbox 2208 4247 3544 4320">
    <p class='ocr_par' dir='ltr' id='par_1_105' title="bbox 2208 4247 3544 4320">
     <span class='ocr_line' id='line_1_107' title="bbox 2208 4247 3544 4320; baseline -0.003 -16"><span class='ocrx_word' id='word_1_703' title='bbox 2208 4249 2397 4304; x_wconf 86' lang='lat' dir='ltr'>Sancti</span> <span class='ocrx_word' id='word_1_704' title='bbox 2418 4247 2642 4302; x_wconf 86' lang='lat' dir='ltr'>Damasi</span> <span class='ocrx_word' id='word_1_705' title='bbox 2667 4264 2827 4319; x_wconf 68' lang='lat' dir='ltr'>papae</span> <span class='ocrx_word' id='word_1_706' title='bbox 2852 4247 3117 4317; x_wconf 80' lang='lat' dir='ltr'>opuscula</span> <span class='ocrx_word' id='word_1_707' title='bbox 3144 4258 3195 4305; x_wconf 87' lang='lat' dir='ltr'>et</span> <span class='ocrx_word' id='word_1_708' title='bbox 3218 4258 3388 4320; x_wconf 85' lang='lat' dir='ltr'>gesta.</span> <span class='ocrx_word' id='word_1_709' title='bbox 3423 4248 3544 4305; x_wconf 93' lang='lat' dir='ltr'>Fol.</span> 
     </span>
    </p>
   </div>
   <div class='ocr_carea' id='block_1_106' title="bbox 2280 4320 3869 4391">
    <p class='ocr_par' dir='ltr' id='par_1_106' title="bbox 2280 4320 3869 4391">
     <span class='ocr_line' id='line_1_108' title="bbox 2280 4320 3869 4391; baseline 0.002 -17"><span class='ocrx_word' id='word_1_710' title='bbox 2280 4322 2359 4391; x_wconf 86' lang='lat' dir='ltr'>(g)</span> <span class='ocrx_word' id='word_1_711' title='bbox 2389 4321 2469 4374; x_wconf 90' lang='lat' dir='ltr'>Ea</span> <span class='ocrx_word' id='word_1_712' title='bbox 2500 4325 2641 4374; x_wconf 90' lang='lat' dir='ltr'>sunt</span> <span class='ocrx_word' id='word_1_713' title='bbox 2671 4336 2788 4391; x_wconf 82' lang='lat' dir='ltr'>prae</span> <span class='ocrx_word' id='word_1_714' title='bbox 2828 4336 2895 4374; x_wconf 84' lang='lat' dir='ltr'>ex</span> <span class='ocrx_word' id='word_1_715' title='bbox 2955 4337 3067 4376; x_wconf 90' lang='lat' dir='ltr'>ms.</span> <span class='ocrx_word' id='word_1_716' title='bbox 3110 4320 3319 4376; x_wconf 89' lang='lat' dir='ltr'>Codice</span> <span class='ocrx_word' id='word_1_717' title='bbox 3362 4321 3615 4377; x_wconf 62' lang='lat' dir='ltr'>basilicae</span> <span class='ocrx_word' id='word_1_718' title='bbox 3668 4322 3869 4378; x_wconf 83' lang='lat' dir='ltr'>sancti</span> 
     </span>
    </p>
   </div>
   <div class='ocr_carea' id='block_1_107' title="bbox 2132 4391 3868 4491">
    <p class='ocr_par' dir='ltr' id='par_1_107' title="bbox 2132 4391 3868 4491">
     <span class='ocr_line' id='line_1_109' title="bbox 2132 4391 3868 4491; baseline 0.002 -45"><span class='ocrx_word' id='word_1_719' title='bbox 2132 4426 2179 4491; x_wconf 71' lang='grc' dir='ltr'><strong>Β</strong></span> <span class='ocrx_word' id='word_1_720' title='bbox 2210 4392 2362 4473; x_wconf 78' lang='lat' dir='ltr'>Petri</span> <span class='ocrx_word' id='word_1_721' title='bbox 2395 4391 2762 4491; x_wconf 26' lang='lat' dir='ltr'>Mnbiilesius</span> <span class='ocrx_word' id='word_1_722' title='bbox 2797 4392 3145 4448; x_wconf 90' lang='lat' dir='ltr'>Sarazanius</span> <span class='ocrx_word' id='word_1_723' title='bbox 3176 4393 3487 4465; x_wconf 89' lang='lat' dir='ltr'>evulgavit,</span> <span class='ocrx_word' id='word_1_724' title='bbox 3519 4395 3589 4449; x_wconf 92' lang='lat' dir='ltr'>de</span> <span class='ocrx_word' id='word_1_725' title='bbox 3642 4394 3868 4465; x_wconf 87' lang='lat' dir='ltr'>quibus</span> 
     </span>
    </p>
   </div>
   <div class='ocr_carea' id='block_1_108' title="bbox 2211 4463 3866 4607">
    <p class='ocr_par' dir='ltr' id='par_1_108' title="bbox 2211 4463 3866 4607">
     <span class='ocr_line' id='line_1_110' title="bbox 2211 4463 3866 4607; baseline 0.002 -20"><span class='ocrx_word' id='word_1_726' title='bbox 2211 4463 2646 4607; x_wconf 38' lang='lat' dir='ltr'>“ﬁbula:</span> <span class='ocrx_word' id='word_1_727' title='bbox 2673 4536 2818 4589; x_wconf 87' lang='lat' dir='ltr'>enim</span> <span class='ocrx_word' id='word_1_728' title='bbox 2851 4537 3199 4591; x_wconf 79' lang='lat' dir='ltr'>vehementer</span> <span class='ocrx_word' id='word_1_729' title='bbox 3225 4541 3415 4607; x_wconf 82' lang='lat' dir='ltr'>potest,</span> <span class='ocrx_word' id='word_1_730' title='bbox 3438 4554 3512 4591; x_wconf 86' lang='lat' dir='ltr'>an</span> <span class='ocrx_word' id='word_1_731' title='bbox 3538 4536 3652 4607; x_wconf 84' lang='lat' dir='ltr'>ipse</span> <span class='ocrx_word' id='word_1_732' title='bbox 3680 4539 3866 4592; x_wconf 78' lang='lat' dir='ltr'>etiam</span> 
     </span>
    </p>
   </div>
   <div class='ocr_carea' id='block_1_109' title="bbox 2207 4607 3867 4680">
    <p class='ocr_par' dir='ltr' id='par_1_109' title="bbox 2207 4607 3867 4680">
     <span class='ocr_line' id='line_1_111' title="bbox 2207 4607 3867 4680; baseline 0.001 -17"><span class='ocrx_word' id='word_1_733' title='bbox 2207 4609 2540 4680; x_wconf 80' lang='lat' dir='ltr'>Laurentius</span> <span class='ocrx_word' id='word_1_734' title='bbox 2581 4607 2765 4663; x_wconf 62' lang='lat' dir='ltr'>Romae</span> <span class='ocrx_word' id='word_1_735' title='bbox 2808 4610 2957 4662; x_wconf 84' lang='lat' dir='ltr'>ortus</span> <span class='ocrx_word' id='word_1_736' title='bbox 3015 4610 3091 4663; x_wconf 89' lang='lat' dir='ltr'>sit</span> <span class='ocrx_word' id='word_1_737' title='bbox 3145 4607 3427 4679; x_wconf 79' lang='lat' dir='ltr'>(Merend.,</span> <span class='ocrx_word' id='word_1_738' title='bbox 3491 4608 3745 4680; x_wconf 87' lang='lat' dir='ltr'>Opuscul.</span> <span class='ocrx_word' id='word_1_739' title='bbox 3806 4619 3867 4665; x_wconf 87' lang='lat' dir='ltr'>ct</span> 
     </span>
    </p>
   </div>
   <div class='ocr_carea' id='block_1_110' title="bbox 2205 4679 3229 4750">
    <p class='ocr_par' dir='ltr' id='par_1_110' title="bbox 2205 4679 3229 4750">
     <span class='ocr_line' id='line_1_112' title="bbox 2205 4679 3229 4750; baseline -0.002 -15"><span class='ocrx_word' id='word_1_740' title='bbox 2205 4679 2348 4735; x_wconf 86' lang='lat' dir='ltr'>Gest.</span> <span class='ocrx_word' id='word_1_741' title='bbox 2384 4680 2445 4732; x_wconf 89' lang='grc' dir='ltr'>Β.</span> <span class='ocrx_word' id='word_1_742' title='bbox 2483 4680 2720 4745; x_wconf 81' lang='lat' dir='ltr'>Damasi,</span> <span class='ocrx_word' id='word_1_743' title='bbox 2754 4694 2873 4749; x_wconf 85' lang='lat' dir='ltr'>cap.</span> <span class='ocrx_word' id='word_1_744' title='bbox 2912 4680 2961 4744; x_wconf 83' lang='lat'>1,</span> <span class='ocrx_word' id='word_1_745' title='bbox 2992 4696 3119 4750; x_wconf 86' lang='lat' dir='ltr'>pag.</span> <span class='ocrx_word' id='word_1_746' title='bbox 3150 4680 3229 4749; x_wconf 87' lang='grc'>2).</span> 
     </span>
    </p>
   </div>
   <div class='ocr_carea' id='block_1_111' title="bbox 2274 4750 3866 4824">
    <p class='ocr_par' dir='ltr' id='par_1_111' title="bbox 2274 4750 3866 4824">
     <span class='ocr_line' id='line_1_113' title="bbox 2274 4750 3866 4824; baseline -0.001 -18"><span class='ocrx_word' id='word_1_747' title='bbox 2274 4750 2917 4824; x_wconf 41' lang='grc' dir='ltr'>(ἰλΗιιῖιε-[ονιίεδὼιωπ</span> <span class='ocrx_word' id='word_1_748' title='bbox 2957 4760 3259 4824; x_wconf 83' lang='lat' dir='ltr'>martyrem</span> <span class='ocrx_word' id='word_1_749' title='bbox 3306 4752 3725 4824; x_wconf 67' lang='lat' dir='ltr'>(unanimum)</span> <span class='ocrx_word' id='word_1_750' title='bbox 3759 4751 3866 4806; x_wconf 84' lang='lat' dir='ltr'>Ro-</span> 
     </span>
    </p>
   </div>
   <div class='ocr_carea' id='block_1_112' title="bbox 2202 4821 3861 4894">
    <p class='ocr_par' dir='ltr' id='par_1_112' title="bbox 2202 4821 3861 4894">
     <span class='ocr_line' id='line_1_114' title="bbox 2202 4821 3861 4894; baseline -0.001 -17"><span class='ocrx_word' id='word_1_751' title='bbox 2202 4821 2383 4877; x_wconf 82' lang='lat' dir='ltr'>manis</span> <span class='ocrx_word' id='word_1_752' title='bbox 2412 4821 2648 4887; x_wconf 85' lang='lat' dir='ltr'>civibus,</span> <span class='ocrx_word' id='word_1_753' title='bbox 2679 4838 2831 4877; x_wconf 88' lang='lat' dir='ltr'>secus</span> <span class='ocrx_word' id='word_1_754' title='bbox 2858 4832 3018 4894; x_wconf 85' lang='lat' dir='ltr'>atque</span> <span class='ocrx_word' id='word_1_755' title='bbox 3047 4821 3601 4879; x_wconf 40' lang='lat' dir='ltr'>hactenus&#39;creditum</span> <span class='ocrx_word' id='word_1_756' title='bbox 3622 4893 3625 4894; x_wconf 16' lang='grc' dir='ltr'><em>ν</em></span> <span class='ocrx_word' id='word_1_757' title='bbox 3642 4824 3861 4893; x_wconf 80' lang='lat' dir='ltr'>fuerat,</span> 
     </span>
    </p>
   </div>
   <div class='ocr_carea' id='block_1_113' title="bbox 2201 4893 3859 4960">
    <p class='ocr_par' dir='ltr' id='par_1_113' title="bbox 2201 4893 3859 4960">
     <span class='ocr_line' id='line_1_115' title="bbox 2201 4893 3859 4960; baseline -0.002 -10"><span class='ocrx_word' id='word_1_758' title='bbox 2201 4896 2683 4951; x_wconf 79' lang='lat' dir='ltr'>adnumerandam</span> <span class='ocrx_word' id='word_1_759' title='bbox 2712 4893 3103 4950; x_wconf 77' lang='lat' dir='ltr'>demonstravit</span> <span class='ocrx_word' id='word_1_760' title='bbox 3130 4897 3236 4951; x_wconf 86' lang='lat' dir='ltr'>Jos.</span> <span class='ocrx_word' id='word_1_761' title='bbox 3274 4895 3547 4950; x_wconf 83' lang='lat' dir='ltr'>Blanchus</span> <span class='ocrx_word' id='word_1_762' title='bbox 3574 4893 3660 4948; x_wconf 84' lang='lat' dir='ltr'>vir</span> <span class='ocrx_word' id='word_1_763' title='bbox 3685 4895 3859 4960; x_wconf 59' lang='lat' dir='ltr'>clam,</span> 
     </span>
    </p>
   </div>
   <div class='ocr_carea' id='block_1_114' title="bbox 2199 4965 3864 5037">
    <p class='ocr_par' dir='ltr' id='par_1_114' title="bbox 2199 4965 3864 5037">
     <span class='ocr_line' id='line_1_116' title="bbox 2199 4965 3864 5037; baseline 0.001 -16"><span class='ocrx_word' id='word_1_764' title='bbox 2199 4975 2381 5022; x_wconf 89' lang='lat' dir='ltr'>aoerto</span> <span class='ocrx_word' id='word_1_765' title='bbox 2413 4967 2606 5020; x_wconf 82' lang='lat' dir='ltr'>Leonis</span> <span class='ocrx_word' id='word_1_766' title='bbox 2636 4967 2821 5036; x_wconf 86' lang='lat' dir='ltr'>Magni</span> <span class='ocrx_word' id='word_1_767' title='bbox 2859 4966 3171 5022; x_wconf 83' lang='lat' dir='ltr'>testimonio</span> <span class='ocrx_word' id='word_1_768' title='bbox 3225 4967 3530 5037; x_wconf 80' lang='lat' dir='ltr'>(Merenda,</span> <span class='ocrx_word' id='word_1_769' title='bbox 3566 4965 3768 5037; x_wconf 81' lang='lat' dir='ltr'>Opusc.</span> <span class='ocrx_word' id='word_1_770' title='bbox 3804 4976 3864 5022; x_wconf 79' lang='lat' dir='ltr'>et</span> 
     </span>
    </p>
   </div>
   <div class='ocr_carea' id='block_1_115' title="bbox 2200 5038 3857 5164">
    <p class='ocr_par' dir='ltr' id='par_1_115' title="bbox 2200 5038 3857 5164">
     <span class='ocr_line' id='line_1_117' title="bbox 2200 5038 3857 5164; baseline -0.001 -70"><span class='ocrx_word' id='word_1_771' title='bbox 2200 5039 2366 5164; x_wconf 53' lang='lat' dir='ltr'>DciteI</span> <span class='ocrx_word' id='word_1_772' title='bbox 2383 5038 2689 5164; x_wconf 54' lang='lat' dir='ltr'>)Damasi,§</span> <span class='ocrx_word' id='word_1_773' title='bbox 2738 5038 2793 5103; x_wconf 83' lang='lat'>3,</span> <span class='ocrx_word' id='word_1_774' title='bbox 2841 5038 2905 5093; x_wconf 84' lang='lat' dir='ltr'>de</span> <span class='ocrx_word' id='word_1_775' title='bbox 2957 5040 3183 5094; x_wconf 81' lang='lat' dir='ltr'>Damasi</span> <span class='ocrx_word' id='word_1_776' title='bbox 3227 5038 3506 5110; x_wconf 81' lang='lat' dir='ltr'>operibus,</span> <span class='ocrx_word' id='word_1_777' title='bbox 3543 5055 3671 5110; x_wconf 85' lang='lat' dir='ltr'>pag.</span> <span class='ocrx_word' id='word_1_778' title='bbox 3724 5038 3857 5107; x_wconf 85' lang='grc'>146,</span> 
     </span>
     <span class='ocr_line' id='line_1_118' title="bbox 2200 5126 2419 5164; baseline -0.009 0"><span class='ocrx_word' id='word_1_779' title='bbox 2200 5126 2307 5164; x_wconf 86' lang='lat' dir='ltr'>eo.</span> <span class='ocrx_word' id='word_1_780' title='bbox 2408 5150 2419 5162; x_wconf 93' lang='lat'>.</span> 
     </span>
    </p>
   </div>
   <div class='ocr_carea' id='block_1_116' title="bbox 2196 5126 2419 5166">
    <p class='ocr_par' dir='ltr' id='par_1_116' title="bbox 2196 5126 2419 5166">
     <span class='ocr_line' id='line_1_119' title="bbox 2196 5126 2419 5166; baseline -0.018 0"><span class='ocrx_word' id='word_1_781' title='bbox 2196 5126 2307 5166; x_wconf 79' lang='grc' dir='ltr'>σοι.</span> <span class='ocrx_word' id='word_1_782' title='bbox 2344 5126 2419 5166; x_wconf 77' lang='grc' dir='ltr'>Η.</span> 
     </span>
    </p>
   </div>
   <div class='ocr_carea' id='block_1_117' title="bbox 2268 5110 3861 5254">
    <p class='ocr_par' dir='ltr' id='par_1_117' title="bbox 2268 5110 3861 5254">
     <span class='ocr_line' id='line_1_120' title="bbox 2268 5110 3861 5254; baseline -0.001 -18"><span class='ocrx_word' id='word_1_783' title='bbox 2268 5110 2458 5252; x_wconf 31' lang='lat' dir='ltr'>argis</span> <span class='ocrx_word' id='word_1_784' title='bbox 2486 5196 2590 5254; x_wconf 87' lang='lat' dir='ltr'>quo</span> <span class='ocrx_word' id='word_1_785' title='bbox 2639 5181 3059 5254; x_wconf 80' lang='lat' dir='ltr'>(conjecturam</span> <span class='ocrx_word' id='word_1_786' title='bbox 3117 5180 3392 5254; x_wconf 85' lang='lat' dir='ltr'>intelligit</span> <span class='ocrx_word' id='word_1_787' title='bbox 3418 5196 3485 5236; x_wconf 86' lang='lat' dir='ltr'>ex</span> <span class='ocrx_word' id='word_1_788' title='bbox 3547 5180 3861 5254; x_wconf 19' lang='lat' dir='ltr'>Priudentii</span> 
     </span>
    </p>
   </div>
   <div class='ocr_carea' id='block_1_118' title="bbox 2196 5252 3861 5325">
    <p class='ocr_par' dir='ltr' id='par_1_118' title="bbox 2196 5252 3861 5325">
     <span class='ocr_line' id='line_1_121' title="bbox 2196 5252 3861 5325; baseline -0.001 -18"><span class='ocrx_word' id='word_1_789' title='bbox 2196 5252 2415 5325; x_wconf 83' lang='lat' dir='ltr'>hymno</span> <span class='ocrx_word' id='word_1_790' title='bbox 2446 5252 2722 5325; x_wconf 86' lang='lat' dir='ltr'>elicitam)</span> <span class='ocrx_word' id='word_1_791' title='bbox 2754 5252 2896 5307; x_wconf 86' lang='lat' dir='ltr'>illud</span> <span class='ocrx_word' id='word_1_792' title='bbox 2916 5252 3195 5308; x_wconf 80' lang='lat' dir='ltr'>evidenter</span> <span class='ocrx_word' id='word_1_793' title='bbox 3223 5252 3861 5325; x_wconf 46' lang='lat' dir='ltr'>con&#39;sequitur,Lauren-</span> 
     </span>
    </p>
   </div>
   <div class='ocr_carea' id='block_1_119' title="bbox 2195 5324 3861 5395">
    <p class='ocr_par' dir='ltr' id='par_1_119' title="bbox 2195 5324 3861 5395">
     <span class='ocr_line' id='line_1_122' title="bbox 2195 5324 3861 5395; baseline -0.001 -16"><span class='ocrx_word' id='word_1_794' title='bbox 2195 5324 2336 5379; x_wconf 87' lang='lat' dir='ltr'>tium</span> <span class='ocrx_word' id='word_1_795' title='bbox 2369 5341 2403 5379; x_wconf 90' lang='grc' dir='ltr'><em>α</em></span> <span class='ocrx_word' id='word_1_796' title='bbox 2433 5324 2602 5378; x_wconf 83' lang='lat' dir='ltr'>claris</span> <span class='ocrx_word' id='word_1_797' title='bbox 2628 5325 2743 5378; x_wconf 83' lang='lat' dir='ltr'>illis</span> <span class='ocrx_word' id='word_1_798' title='bbox 2778 5325 3034 5379; x_wconf 76' lang='lat' dir='ltr'>Romanae</span> <span class='ocrx_word' id='word_1_799' title='bbox 3066 5325 3223 5382; x_wconf 85' lang='lat' dir='ltr'>Urbis</span> <span class='ocrx_word' id='word_1_800' title='bbox 3266 5324 3403 5395; x_wconf 80' lang='lat' dir='ltr'>ﬁliis</span> <span class='ocrx_word' id='word_1_801' title='bbox 3456 5324 3682 5395; x_wconf 87' lang='lat' dir='ltr'>(Cosso,</span> <span class='ocrx_word' id='word_1_802' title='bbox 3747 5326 3861 5378; x_wconf 84' lang='lat' dir='ltr'>Ca-</span> 
     </span>
    </p>
   </div>
   <div class='ocr_carea' id='block_1_120' title="bbox 2198 5394 3859 5467">
    <p class='ocr_par' dir='ltr' id='par_1_120' title="bbox 2198 5394 3859 5467">
     <span class='ocr_line' id='line_1_123' title="bbox 2198 5394 3859 5467; baseline -0.001 -17"><span class='ocrx_word' id='word_1_803' title='bbox 2198 5396 2362 5450; x_wconf 91' lang='lat' dir='ltr'>millo</span> <span class='ocrx_word' id='word_1_804' title='bbox 2395 5399 2452 5451; x_wconf 88' lang='lat' dir='ltr'>et</span> <span class='ocrx_word' id='word_1_805' title='bbox 2482 5395 2725 5465; x_wconf 71' lang='lat' dir='ltr'>Cmsare)</span> <span class='ocrx_word' id='word_1_806' title='bbox 2756 5398 2991 5453; x_wconf 85' lang='lat' dir='ltr'>minime</span> <span class='ocrx_word' id='word_1_807' title='bbox 3018 5394 3339 5464; x_wconf 67' lang='lat' dir='ltr'>disiunctum</span> <span class='ocrx_word' id='word_1_808' title='bbox 3381 5394 3680 5467; x_wconf 74' lang='lat' dir='ltr'>(Merend.,</span> <span class='ocrx_word' id='word_1_809' title='bbox 3733 5396 3859 5451; x_wconf 86' lang='lat' dir='ltr'>loco</span> 
     </span>
    </p>
   </div>
   <div class='ocr_carea' id='block_1_121' title="bbox 2194 5467 2767 5539">
    <p class='ocr_par' dir='ltr' id='par_1_121' title="bbox 2194 5467 2767 5539">
     <span class='ocr_line' id='line_1_124' title="bbox 2194 5467 2767 5539; baseline 0.002 -18"><span class='ocrx_word' id='word_1_810' title='bbox 2194 5469 2457 5539; x_wconf 76' lang='lat' dir='ltr'>proxime</span> <span class='ocrx_word' id='word_1_811' title='bbox 2485 5467 2767 5537; x_wconf 83' lang='lat' dir='ltr'>allegalo).</span> 
     </span>
    </p>
   </div>
   <div class='ocr_carea' id='block_1_122' title="bbox 2269 5539 3630 5612">
    <p class='ocr_par' dir='ltr' id='par_1_122' title="bbox 2269 5539 3630 5612">
     <span class='ocr_line' id='line_1_125' title="bbox 2269 5539 3630 5612; baseline 0.001 -20"><span class='ocrx_word' id='word_1_812' title='bbox 2269 5539 2345 5609; x_wconf 76' lang='lat' dir='ltr'>(lc)</span> <span class='ocrx_word' id='word_1_813' title='bbox 2380 5540 2579 5594; x_wconf 70' lang='lat' dir='ltr'>Priora</span> <span class='ocrx_word' id='word_1_814' title='bbox 2606 5541 2811 5596; x_wconf 71' lang='lat' dir='ltr'>scilicet</span> <span class='ocrx_word' id='word_1_815' title='bbox 2843 5542 3007 5612; x_wconf 79' lang='lat' dir='ltr'>hujus</span> <span class='ocrx_word' id='word_1_816' title='bbox 3034 5540 3215 5612; x_wconf 84' lang='lat' dir='ltr'>operis</span> <span class='ocrx_word' id='word_1_817' title='bbox 3234 5548 3411 5612; x_wconf 85' lang='lat' dir='ltr'>parte,</span> <span class='ocrx_word' id='word_1_818' title='bbox 3430 5556 3546 5610; x_wconf 87' lang='lat' dir='ltr'>cap.</span> <span class='ocrx_word' id='word_1_819' title='bbox 3576 5540 3630 5603; x_wconf 87' lang='lat' dir='ltr'>l,</span> 
     </span>
    </p>
   </div>
  </div>
