4156 6328
267 320 375 374 593

1199 321 1674 377 DISSERTATIO
1713 322 1806 372 DE
1843 320 2136 373 DAMASO
2174 322 2267 374 ET
2305 323 2738 378 LAURENTIO.

3582 321 3689 374 594

269 463 380 503 uos
413 463 472 501 IN
504 461 736 503 DUOBUS
767 462 1058 502 CODICIBUS
1088 462 1485 515 PERVETUSTIS,
1517 463 1706 518 nempe
1737 450 1926 519 quinto
1958 448 2009 513 Α
2044 448 2343 503 Utrumvis
2358 453 2553 505 autem
2574 448 2928 517 fuerit,illud
2947 448 3176 503 Baronii
3200 447 3537 504 testimonio
3551 465 3689 504 con-

264 541 317 591 et
350 536 556 591 decimo
607 544 751 590 (omo
806 536 1053 591 Vitarum
1083 542 1422 592 sanctorum.
1477 536 1710 592 Exhibet
1739 536 1929 591 eadem
2035 542 2172 604 stat,
2206 538 2445 593 Damasi
2479 541 2641 604 Acta,
2675 538 2892 609 quibus
2914 539 3042 606 ejus
3074 537 3364 592 sermonis
3386 541 3553 592 cento
3577 538 3686 593 sub

264 630 455 681 CODEX
489 641 830 680 VATICANUS.
865 642 931 679 ΕΤ
961 642 1124 680 Αωυς
1152 643 1382 681 SANCT/‘E
1425 630 1630 680 MARI/‘E
1688 643 1926 681 MAJORIS

262 730 426 776 QUEM
460 731 705 770 VIDIMUS
731 733 744 781 ;
773 717 830 768 in
851 715 1048 786 quibus
1080 716 1149 769 ad
1183 717 1347 771 ﬁnem
1368 716 1482 770 haec
1513 719 1793 785 leguntur.
1824 717 1925 771 Re-

261 809 467 858 censet
503 821 569 860 eo
592 804 718 859 loco
740 804 978 859 Damasi
1012 805 1294 860 miracula
1326 823 1454 876 qua;
1516 806 1721 861 Petrus
1772 805 1924 860 sedis

259 893 601 963 apostolica:
636 894 938 960 diaconus,
973 895 1028 947 in
1065 911 1334 950 sermone
1374 911 1545 966 quem
1603 896 1672 949 de
1721 900 1921 949 sancto

257 982 542 1052 pontifice
574 982 780 1036 habuit
808 982 868 1036 in
887 988 1066 1037 eodem
1099 983 1255 1039 titulo
1276 984 1598 1054 (Laurentii
1618 983 1920 1038 basilicam

257 1070 569 1141 intelligit)
598 1071 893 1141 contigisse
920 1081 1334 1129 commemorat.

325 1159 588 1215 Causam
607 1177 740 1215 vero
764 1177 867 1215 cur
888 1162 957 1215 de
979 1167 1215 1216 auctore
1230 1162 1648 1217 miraculorum
1674 1163 1914 1217 dubium

253 1247 619 1312 emersisset,
651 1264 834 1320 eaque
865 1250 1133 1305 nonnulli
1166 1251 1474 1305 Laurentio
1507 1252 1702 1321 potius
1737 1268 1913 1322 quam

252 1342 512 1392 Damaso
545 1338 786 1392 attribui
817 1339 1049 1404 vellent,
1073 1340 1200 1410 ipse
1220 1339 1502 1395 Baronius
1531 1340 1769 1406 indicat,
1789 1357 1914 1410 quae

256 1443 375 1480 non
410 1443 624 1496 parum
659 1431 934 1481 Actorum
969 1429 1304 1497 antiquitati
1346 1429 1516 1483 favet.
1576 1429 1917 1499 Supererant

252 1515 434 1569 adhuc
464 1515 683 1586 (inquit
715 1515 813 1587 [a])
833 1515 1013 1587 aliqui
1033 1517 1244 1571 addicti
1269 1518 1534 1584 Ursicino,
1567 1520 1662 1587 qui
1684 1520 1911 1572 Damaso

253 1604 381 1658 licet
411 1604 668 1676 defuncto
701 1608 912 1659 tantam
929 1607 1166 1676 gloriam
1192 1606 1634 1677 (miraculorum
1668 1606 1911 1677 scilicet)

250 1694 579 1760 invidentes,
615 1695 883 1761 dicerent,
907 1711 1018 1750 non
1042 1712 1146 1750 mei
1163 1695 1260 1750 itis
1283 1695 1508 1750 Damasi
1517 1696 1631 1762 ,sed
1650 1698 1908 1751 interces-

2033 628 2209 682 finem
2239 633 2524 682 consutus
2551 626 2680 697 fuit,
2716 627 2886 698 longe
2915 643 2980 682 eo
3025 642 3294 682 sermone
3353 626 3687 697 antiquiora

2034 717 2236 772 fuisse.

2103 807 2398 873 Merenda,
2431 809 2495 860 ut
2523 823 2630 861 nos
2662 805 2800 860 alibi
2829 805 2899 859 de
2917 803 3491 874 Damasoloquentes
3522 804 3681 860 dice-

2030 898 2260 962 bamus,
2295 899 2509 951 nedum
2544 895 2950 951 difﬁcultatem
2984 894 3282 964 eﬂ‘ugisse,
3306 895 3404 949 sed
3430 911 3575 950 novo
3599 900 3680 950 at-

2029 1002 2140 1056 que
2170 986 2439 1057 expedito
2473 984 2876 1057 responsionis
2901 999 3109 1055 genere
3134 983 3190 1037 in
3223 999 3400 1037 novas
3436 1000 3542 1038 nos
3574 1001 3678 1038 an-

2026 1076 2251 1145 gustias
2283 1075 2642 1130 conclusisse
2675 1078 2858 1146 putat.
2884 1078 3088 1144 Itaque
3113 1077 3243 1144 post
3264 1071 3681 1129 aliainutiliter

2024 1170 2264 1233 tentata,
2298 1164 2701 1231 Laurentium,
2753 1180 2866 1217 non
2903 1164 3102 1216 minus
3152 1178 3329 1231 quam
3360 1166 3675 1232 Damasus,

2023 1254 2303 1307 Romanis
2336 1253 2562 1307 civibus
2594 1252 2832 1307 omnino
2865 1250 3380 1306 adnumerandum
3432 1265 3580 1318 esse,
3607 1267 3674 1305 ex

2021 1342 2373 1397 Veronensis
2421 1341 2872 1396 Sacramentarii
2949 1341 3316 1405 auctoritate,
3379 1339 3670 1407 affirmat;

2022 1448 2204 1502 eoque
2239 1436 2504 1502 respectu
2540 1432 2611 1485 ab
2644 1435 2907 1486 actorum
2938 1429 3171 1484 Damasi
3211 1427 3495 1498 scriptore
3526 1445 3670 1484 com-

2024 1538 2318 1576 PATRIOTAS
2351 1545 2363 1586 ;
2399 1526 2574 1590 atque
2605 1537 2638 1574 a
2668 1521 2836 1574 Petro
2861 1519 3112 1574 Diacono
3137 1519 3196 1572 in
3219 1535 3419 1573 eorum
3452 1535 3670 1590 appen-

2021 1613 2146 1665 dice
2179 1628 2288 1665 UNA
2321 1626 2554 1664 GENITOS
2615 1626 2818 1663 param
2849 1608 3150 1663 verissime
3209 1608 3322 1662 dici
3382 1609 3666 1679 potuisse.

2019 1700 2146 1753 Ilaec
2179 1704 2398 1763 tamen,
2432 1699 2547 1752 nisi
2575 1697 2949 1752 vehementer
2980 1713 3083 1767 ego
3116 1695 3303 1762 fallor,
3364 1696 3666 1751 eludendas

251 1784 408 1880 sione
437 1783 583 1837 beati
613 1784 900 1839 Laurentii
929 1800 992 1839 ea
1019 1784 1242 1855 patrari
1261 1785 1557 1839 miracula.
1610 1789 1740 1839 Jam
1773 1801 1908 1841 vero
1937 1817 1984 1880 Β
2017 1785 3086 1859 potiusdifﬁcultati.idest,scindendo
3101 1801 3278 1855 quam
3294 1784 3668 1840 dissolvendo

251 1871 505 1926 dubium
537 1888 636 1927 seu
672 1873 1065 1928 controversia
1093 1876 1162 1928 de
1198 1879 1432 1929 auctore
1463 1874 1904 1939 miraculorum,

249 1976 428 2029 quam
465 1977 581 2015 non
615 1961 785 2032 longe
817 1979 850 2016 a
876 1962 1107 2017 Damasi
1139 1966 1326 2017 morte
1378 1963 1720 2034 contigerit;
1773 1964 1911 2018 inde

248 2047 385 2102 licet
402 2049 689 2119 conjicere
703 2051 858 2120 quod
881 2067 947 2106 eo
969 2056 1228 2121 tempore
1252 2052 1513 2106 nondum
1538 2052 1728 2106 adhuc
1751 2051 1908 2106 Ursi-

248 2137 365 2190 cini
398 2139 645 2208 ejusque
665 2143 1021 2195 sectatorum
1042 2141 1211 2196 factio
1234 2141 1642 2208 deferbuisset;
1670 2158 1908 2211 prorsus

249 2231 314 2280 ut
336 2230 508 2281 Petro
541 2227 814 2294 Diacono,
848 2245 949 2284 seu
982 2230 1252 2300 quisquis
1285 2230 1521 2284 demum
1555 2230 1682 2298 ejus
1727 2231 1909 2301 partis

245 2320 530 2370 Actorum
551 2317 800 2388 scriptor
821 2317 1015 2384 fuerit,
1032 2319 1323 2388 integrum
1338 2319 1906 2375 essetexvetustissi-

248 2405 364 2460 mis
386 2404 582 2475 iisque
613 2407 972 2478 incorruptis
1004 2423 1129 2477 quae
1154 2408 1266 2462 sibi
1302 2407 1673 2479 praalucerent
1697 2424 1906 2463 monu-

248 2495 469 2549 mentis
502 2511 594 2549 res
626 2496 697 2550 ad
717 2495 1038 2551 Damasum
1073 2497 1431 2566 pertinentes
1465 2497 1744 2552 mutuari.

321 2583 402 2638 Ex
432 2583 577 2654 ipsis
596 2585 775 2638 etiam
793 2585 1056 2640 fontibus
1070 2585 1320 2640 derivari
1339 2586 1626 2641 credenda
1641 2590 1728 2641 est
1750 2586 1908 2656 prior

246 2673 350 2728 illa
380 2679 648 2728 actorum
681 2690 838 2743 pars,
874 2674 930 2728 in
965 2689 1078 2744 qua
1108 2680 1429 2730 Damasum
1448 2675 1743 2730 Laurentii
1766 2692 1906 2729 com-

244 2779 577 2818 PATRIO’I‘AM
611 2763 896 2834 appellari
926 2779 1106 2835 supra
1132 2765 1493 2819 dicebamus.
1519 2769 1665 2819 Sane
1685 2765 1734 2819 si
1754 2763 1902 2819 nihil

246 2850 417 2905 aliud
442 2867 545 2922 pro
566 2853 830 2920 ejusdem
859 2852 1209 2923 antiquitate
1224 2853 1412 2907 afferri
1432 2858 1650 2922 posset,
1668 2854 1904 2908 unaDa-

247 2939 406 2995 masi
429 2939 561 2994 Vita
577 2957 609 2995 a
631 2940 942 2996 Benedicto
959 2942 1297 3012 presbytero
1317 2941 1668 3011 conscripta,
1685 2958 1859 3011 quam
1875 2959 1904 2997 e

244 3028 564 3083 Sarazanio
597 3030 705 3084 sub
738 3028 971 3083 initium
993 3029 1192 3100 prima:
1209 3029 1384 3098 hujus
1406 3030 1598 3099 operis
1621 3030 1804 3100 partis
1827 3030 1904 3084 al-

245 3117 579 3188 legavimus
609 3119 709 3189 (ὁ),
733 3119 964 3173 abunde
995 3135 1121 3174 eam
1157 3117 1430 3174 declarat.
1453 3120 1585 3189 Ipsa
1614 3119 1900 3188 enim,seu

245 3206 389 3277 styli
413 3205 873 3277 simplicitatem,
895 3224 995 3261 seu
1014 3207 1268 3262 nominis
1285 3208 1621 3278 gradusque
1645 3209 1902 3263 auctoris

244 3311 368 3351 non
403 3295 543 3350 item
576 3295 808 3351 familiae
833 3296 1274 3367 professionem,
1301 3297 1421 3350 sive
1441 3298 1676 3352 demum
1703 3299 1906 3367 Exigui

249 3391 393 3454 (quo
406 3400 470 3438 se
488 3385 835 3454 cognomine
857 3401 925 3440 ex
955 3402 1062 3440 usu
1094 3386 1418 3455 priscorum
1439 3390 1770 3456 temporum
1798 3403 1904 3456 ap-

250 3472 465 3544 pellari
495 3472 694 3540 voluit)
733 3474 1026 3529 notionem
1056 3481 1302 3544 spectes,
1335 3475 1479 3528 satis
1513 3490 1611 3544 per
1644 3492 1705 3529 se
1750 3474 1906 3528 anti-

246 3580 376 3633 qua
405 3561 797 3618 nihilominus
829 3563 1036 3618 horum
1068 3564 1137 3618 de
1161 3564 1379 3634 quibus
1411 3563 1642 3634 agimus
1666 3562 1902 3617 Damasi

248 3654 537 3707 Actorum
562 3651 1242 3722 compendium,etquasi
1259 3651 1610 3706 breviarium
1633 3657 1720 3705 est
1747 3651 1902 3721 quod

249 3744 508 3810 utraque
541 3739 690 3794 inter
721 3756 782 3795 se
813 3740 1131 3796 conferenti
1161 3740 1532 3794 manifestum
1587 3755 1616 3792 e
1661 3739 1904 3809 vestigio

248 3830 378 3884 ﬁet.
413 3828 494 3884 Ne
517 3828 608 3883 cui
630 3835 827 3884 autem
846 3846 956 3884 vox
977 3845 1369 3884 COMPATRIOTA
1392 3829 1538 3884 forte
1558 3832 1903 3898 scrupulum

246 3919 682 3989 injiciat,quasi
706 3919 993 3974 recentior
1015 3919 1344 3985 fuerit,eam
1360 3919 1486 3987 jam
1511 3934 1542 3972 a
1563 3917 1781 3973 Nicolai
1801 3918 1903 3987 I(c)

250 4009 380 4063 imo
393 4013 449 4063 et
464 4025 496 4063 a
509 4007 767 4079 Gregorii
784 4007 975 4079 Magni
993 4007 1350 4078 temporibus
1368 4013 1706 4078 usurpatam
1723 4006 1906 4062 fuisse

251 4098 672 4154 admonemus.

328 4185 413 4238 Ad
443 4185 678 4239 Petrum
713 4189 908 4238 autem
941 4182 1261 4238 Diaconum
1305 4182 1590 4237 sermonis
1623 4184 1691 4237 de
1735 4183 1905 4237 beato

246 4278 507 4329 Damaso
532 4273 876 4344 scriptorem
901 4272 1054 4342 quod
1073 4272 1302 4335 attinet,
1320 4271 1685 4325 Bollandiani
1710 4271 1905 4325 Patres

255 4363 622 4421 enumeratis
654 4363 878 4433 aliquot
908 4362 1382 4433 cognominibus,
1408 4361 1564 4431 quia
1585 4361 1793 4416 seculo
1827 4378 1904 4426 vx,

247 4457 324 4512 ad
358 4472 439 4510 x11
469 4455 714 4510 ﬂoruere
736 4455 834 4525 (εἰ),
880 4469 1013 4508 cum
1049 4453 1275 4508 nullum
1307 4470 1373 4507 ex
1404 4452 1487 4507 eis
1548 4453 1908 4507 invenissent

2016 1878 2166 1931 nodo
2199 1876 2369 1947 longe
2401 1875 2815 1946 opportuniora
2847 1878 3005 1929 sunt.
3032 1874 3090 1927 Id
3116 1878 3178 1927 ut
3197 1873 3368 1944 paulo
3392 1875 3491 1928 ﬁat
3513 1874 3666 1928 dilu-

2013 1965 2223 2033 cidius,
2249 1965 2639 2019 secernendus
2673 1963 2843 2018 nobis
2867 1968 2954 2017 est
2977 1979 3008 2016 a
3042 1960 3349 2016 Laurentio
3375 1961 3666 2016 Damasus

2015 2056 2202 2125 deque
2233 2054 2413 2124 hujus
2445 2053 2790 2123 singulatim
2825 2051 3016 2123 patria
3042 2051 3231 2105 denuo
3265 2050 3664 2105 instituendus

2011 2147 2101 2199 est
2132 2159 2345 2208 sermo,
2380 2141 2669 2212 tantisper
2694 2147 2890 2196 tamen
2924 2141 3064 2194 dum
3099 2139 3240 2210 quid
3274 2139 3344 2194 de
3368 2154 3435 2194 ea
3458 2143 3664 2194 Petrus

2010 2233 2301 2288 Diaconus
2333 2235 2506 2300 atque
2539 2235 2813 2285 Actorum
2847 2229 3098 2299 scriptor
3145 2227 3476 2295 senserint;
3511 2243 3661 2298 qua-

2009 2322 2151 2375 lisve
2181 2320 2392 2374 horum
2426 2323 2592 2373 aetate
2621 2318 2877 2389 vulgaris
2918 2320 3263 2387 receptaque
3315 2317 3386 2371 de
3418 2316 3526 2370 hoc
3555 2333 3658 2370 ar-

2009 2414 2290 2484 gumento
2339 2409 2687 2481 populorum
2729 2407 2924 2479 opinio
2988 2407 3183 2473 fuerit,
3247 2405 3320 2461 ob
3370 2404 3655 2460 lectorum

2008 2500 2208 2556 oculos
2239 2499 2534 2569 ponimus.

2080 2592 2340 2646 Primum
2356 2594 2548 2645 autem
2565 2587 2827 2643 omnium
2845 2586 3139 2658 rogandus
3153 2583 3368 2640 anobis
3383 2583 3655 2639 Merenda

2007 2686 2115 2746 est,
2141 2698 2284 2736 num
2317 2679 2470 2734 Petri
2501 2678 2728 2734 diaconi
2756 2678 3115 2748 (quicunque
3144 2675 3380 2729 tandem
3408 2673 3506 2728 ille
3536 2673 3656 2727 fue-

2009 2770 2129 2840 rit),
2163 2768 2580 2836 autscriptoris
2593 2769 2869 2820 Actorum
2885 2767 2956 2819 de
2969 2763 3185 2834 quibus
3208 2763 3438 2832 agimus
3463 2765 3652 2826 estate,

2009 2861 2066 2914 id
2099 2866 2207 2923 est,
2232 2875 2264 2912 a
2294 2857 2507 2912 saeculo
2539 2873 2592 2910 v1
2625 2857 2694 2910 ad
2729 2873 2808 2909 x11
2839 2853 3084 2908 dubium
3111 2853 3234 2923 jam
3262 2857 3384 2906 tum
3417 2849 3651 2921 aliquod

2009 2949 2348 3003 emersisset
2370 2947 2439 3000 de
2463 2945 2691 3000 Damasi
2717 2943 3033 3015 patria.aut
3052 2941 3155 2996 ulli
3181 2941 3411 3012 uspiam
3431 2943 3655 2994 morta-

2008 3037 2152 3092 lium
2173 3037 2230 3090 in
2248 3043 2497 3090 mentem
2514 3033 3100 3088 venissetDamasum
3128 3029 3406 3085 Romanis
3428 3027 3654 3084 adscri-

2011 3127 2167 3192 bere,
2193 3127 2380 3196 deque
2401 3139 2469 3179 ea
2497 3122 2730 3178 relitem
2756 3121 3031 3192 Hispanis
3053 3118 3373 3174 intentare?
3395 3117 3654 3186 Minime,

2010 3217 2254 3286 inquam
2278 3230 2406 3285 ego,
2434 3213 2720 3284 gentium.
2755 3210 2954 3280 Neque
2984 3208 3138 3264 enim
3174 3205 3557 3262 rudibusillis
3591 3221 3657 3260 ac

2007 3303 2466 3375 simplicioribus
2481 3300 2950 3356 saaculistantum
2967 3297 3077 3352 sibi
3094 3295 3458 3368 hypercritici
3475 3311 3658 3366 quan-

2007 3399 2132 3448 tum
2167 3394 2272 3447 hoc
2303 3396 2506 3446 nostro
2529 3389 2688 3460 juris
2721 3391 3151 3459 arrogaverant,
3177 3391 3242 3440 ut
3261 3385 3332 3440 ob
3356 3383 3509 3439 solas
3523 3399 3653 3438 con-

2002 3484 2258 3551 jecturas
2291 3481 2596 3551 (quantum
2627 3478 2736 3532 illas
2771 3493 3024 3547 cumque
3055 3476 3124 3530 ad
3166 3474 3465 3529 veritatem
3493 3487 3653 3526 acce-

2007 3569 2234 3638 derent)
2266 3573 2524 3623 veterum
2557 3566 2837 3620 Codicum
2878 3563 3288 3619 auctoritatem
3320 3561 3506 3618 deseri
3557 3576 3652 3614 re-

2009 3661 2320 3727 ceptasque
2350 3660 2406 3709 et
2439 3654 2648 3708 inﬁxas
2681 3651 3030 3724 populorum
3077 3651 3289 3706 animis
3347 3649 3651 3720 opiniones

2008 3745 2174 3801 evelli
2208 3749 2308 3798 aut
2338 3743 2459 3798 ullo
2487 3747 2653 3813 pacto
2696 3739 3030 3796 labefactari
3095 3743 3452 3810 paterentur.
3511 3735 3658 3800 Quid

2010 3840 2204 3890 autem
2238 3834 2307 3888 de
2355 3831 2770 3888 ecclesiasticis
2821 3827 3008 3893 libris,
3070 3844 3218 3898 quos
3249 3825 3425 3881 veluti
3483 3839 3660 3879 sacrae

2010 3922 2373 3991 antiquitatis
2431 3921 2763 3989 thesauros,
2815 3917 3166 3986 veterisque,
3200 3918 3258 3970 et
3311 3914 3661 3982 incorrupta:

2009 4013 2351 4085 pontiﬁcum
2374 4014 2548 4081 atque
2565 4007 2836 4064 Ecclesia
2850 4006 3114 4061 Historiae
3129 4003 3452 4059 ﬁdissimos
3467 4005 3661 4056 custo-

2009 4103 2133 4171 des,
2167 4118 2282 4156 non
2315 4116 2485 4156 secus
2515 4115 2581 4153 ac
2607 4114 2804 4153 sacros
2838 4098 3147 4165 utriusque
3169 4092 3400 4148 foederis
3423 4088 3661 4145 Codices

2008 4193 2135 4260 ejus
2166 4191 2265 4245 aavi
2299 4193 2503 4260 gentes
2536 4186 2812 4241 reveritas
2845 4184 3025 4238 fuisse
3057 4180 3327 4238 scimus?
3365 4185 3451 4233 An
3495 4181 3665 4249 putat

2009 4280 2303 4344 Merenda,
2337 4277 2386 4332 si
2420 4276 2551 4348 quis
2584 4291 2648 4330 eo
2684 4279 2943 4344 tempore
2980 4269 3228 4341 receptis
3251 4265 3667 4325 ecclesiasticis

2009 4369 2321 4425 Codicibus
2354 4365 2664 4429 contraire,
2681 4377 3004 4432 eorumque
3038 4360 3211 4414 fidem
3227 4363 3401 4429 atque
3417 4355 3667 4412 auctori-

2009 4461 2188 4512 tatem
2219 4455 2441 4510 elevare
2475 4470 2656 4508 ausus
2688 4451 2896 4505 fuisset
2925 4449 3104 4520 (quod
3129 4453 3324 4502 tamen
3348 4451 3667 4515 utrumque

248 4548 355 4619 qui
387 4547 457 4602 de
487 4546 735 4601 Damaso
769 4545 966 4615 egerit,
1002 4545 1221 4599 haerent
1254 4544 1422 4615 plane
1448 4544 1503 4598 in
1543 4545 1901 4615 assignando
1934 4535 1978 4598 D
2013 4552 2214 4602 nostra
2244 4546 2351 4600 hac
2377 4550 2543 4599 aetate
2573 4541 2925 4598 Terribilino
2958 4539 3167 4609 licuit),
3203 4538 3445 4609 impune
3498 4536 3556 4591 id
3615 4533 3667 4590 ei

249 4645 388 4691 uter
408 4651 608 4690 eorum
632 4635 813 4689 sancti
843 4633 1132 4703 pontificis
1151 4649 1481 4688 sermonem
1499 4634 1569 4688 de
1589 4633 1908 4703 quoloqui-

257 4742 398 4780 mur
448 4723 779 4795 scripserit.
833 4723 1118 4777 Baronius
1176 4726 1406 4793 tamen,
1457 4722 1676 4792 Joseph
1729 4723 1907 4777 Maria

253 4813 594 4879 Suarezius,
627 4817 684 4867 et
716 4811 813 4866 alii
841 4811 909 4882 (e)
943 4812 1107 4866 Petro
1157 4811 1388 4866 cuidam
1423 4811 1674 4866 Diacono
1718 4811 1907 4867 Cassi-

256 4903 426 4958 nensi
459 4901 913 4970 adjudicandum
949 4905 1175 4972 putant,
1208 4901 1304 4970 qui
1336 4899 1548 4955 szeculo
1580 4918 1636 4954 1x
1676 4900 1908 4970 claruit,

258 4995 586 5060 auctorque
610 4989 856 5045 habetur
884 4989 1024 5044 Vita:
1058 4991 1244 5045 sancti
1303 4990 1608 5044 Athanasii
1650 4990 1906 5062 episcopi

252 5079 669 5151 Neapolitani;
703 5079 889 5148 deque
914 5093 978 5132 eo
1014 5077 1170 5147 prior
1209 5075 1303 5131 ille
1359 5077 1675 5131 Annalium
1727 5077 1907 5132 eccle-

252 5169 635 5224 siasticornm
668 5167 918 5238 scriptor
948 5167 1064 5236 agit
1090 5167 1159 5221 ad
1194 5182 1415 5221 annum
1464 5167 1588 5233 850,
1625 5168 1750 5236 861,
1781 5167 1907 5233 872,

330 5313 410 5383 (τι)
441 5313 679 5376 Baron.,
703 5311 774 5365 ad
806 5327 943 5366 ann.
977 5311 1101 5379 384,
1136 5328 1192 5377 n,
1229 5312 1314 5366 19.

333 5384 412 5456 (ὁ)
447 5383 585 5456 Cap.
608 5387 671 5456 Δ1,
709 5384 958 5456 ρεεε12,
996 5383 1078 5456 137.

331 5452 404 5525 (c)
461 5452 736 5509 Nicolaus
771 5452 920 5524 17(1n
980 5455 1142 5525 epist.
1195 5452 1265 5505 ad
1325 5453 1611 5521 Egitonem
1667 5454 1909 5524 archiep.

251 5523 667 5588 Seuauensem,
708 5530 842 5579 tom.
893 5526 962 5578 ΙΧ
1008 5523 1263 5579 Coitect.
1318 5525 1598 5580 concilior.
1665 5523 1910 5582 Labbaei.

251 5597 419 5655 Edit.
461 5599 666 5666 Venet,
714 5597 839 5651 colt.
889 5596 1045 5667 1525)
1071 5596 1463 5669 :_Porro_cum
1511 5597 1583 5669 ad_
1611 5606 1661 5651 te
1691 5601 1917 5669 tuosque

255 5665 698 5726 consensione
729 5669 781 5722 et
825 5665 1232 5722 consacerdotes
1288 5665 1498 5722 litteras
1552 5665 1915 5724 destinaveri-

251 5757 409 5800 mus.
434 5738 751 5811 Gregorius
780 5738 921 5809 (Lib.
954 5753 1075 5808 vm,
1095 5739 1252 5810 epist.
1283 5737 1374 5809 37,
1406 5739 1484 5795 ad
1533 5739 1916 5798 Innocentium

2020 4652 2121 4707 per
2151 4633 2481 4689 sanctiones
2509 4631 2823 4687 canonicas
2856 4629 3160 4684 ferendum
3187 4627 3214 4680 ?

2093 4725 2405 4792 Porro,quo
2427 4729 2590 4791 pacto
2611 4716 2917 4774 Petrusille
2935 4718 3033 4772 sed
3054 4715 3104 4770 is
3127 4713 3455 4786 apostolicae
3474 4712 3666 4767 diaco-

2019 4809 2507 4879 nus,autDamasi
2533 4813 2812 4863 Actorum
2828 4805 3258 4876 scriptor(quos
3291 4819 3354 4858 ex
3381 4801 3666 4872 dignitate

2021 4919 2085 4957 ac
2101 4905 2373 4971 suscepto
2397 4897 2691 4953 scribendi
2716 4911 2959 4950 munere
2986 4893 3043 4948 in
3060 4893 3234 4947 rebus
3254 4888 3670 4947 ecclesiasticis

2021 5007 2135 5045 non
2167 4988 2485 5058 vulgariter
2532 4989 2797 5041 versatos
2857 4983 3090 5037 credere
3147 4979 3472 5048 debemus),
3533 4993 3668 5031 cum

2023 5085 2267 5149 uterque
2300 5080 2369 5132 de
2402 5082 2648 5131 Damaso
2683 5089 2751 5128 ex
2809 5072 3070 5144 professo
3131 5072 3346 5140 ageret,
3399 5065 3675 5122 Feliciani

2022 5168 2366 5240 pontiﬁcum
2401 5163 2648 5235 catalogi
2681 5163 2752 5217 de
2775 5160 2964 5233 patria
2992 5155 3352 5214 sanctissimi
3375 5154 3672 5226 pontiﬁcis

2020 5311 2232 5380 Africw
2257 5307 2558 5380 praefeci):
2596 5303 2698 5380 Sed
2726 5305 2774 5380 si
2803 5302 3055 5357 delicioso
3088 5299 3286 5380 cupitis
3318 5296 3524 5380 pabulo
3579 5314 3670 5380 sa-

2021 5368 2233 5451 ginari,
2257 5368 2414 5435 'beat'i
2446 5368 2741 5448 Augustini
2770 5368 3553 5451 paraiorm_pesti'i_opuscu_l_a
3588 5368 3671 5451 le—

2030 5441 2184 5522 gite;
2214 5441 2309 5521 qui
2343 5441 2625 5522 locus'cl.
2669 5444 2989 5522 Du-Cangii
3036 5441 3403 5522 diligentiam
3446 5441 3666 5513 eﬁ‘ugit.

2118 5471 2184 5518 e;
2214 5459 2309 5521 qui
2343 5459 2506 5506 locus
2546 5459 2618 5503 cl.
2669 5459 2989 5515 Uu-L‘angll
3036 5459 3403 5568 diligentiam
3446 5459 3553 5497 enu

2118 5526 2172 5596 d)
2203 5524 2284 5578 Ad
2315 5523 2469 5596 diem
2502 5520 2774 5596 107Au_g.,
2804 5517 3042 5596 §‘_1(‘)_,‘n.
3066 5516 3216 5596 _10__..
3336 5587 3375 5596 _.
3412 5589 3421 5596 _
3515 5583 3553 5596 μ

2120 5583 2168 5666 e)
2201 5601 2306 5666 Ap.
2338 5595 2458 5649 Nic.
2491 5583 3114 5666 Antonium'tltiolioth.
3135 5585 3300 5660 Hisp.
3336 5587 3470 5656 γει,
3506 5583 3607 5641 lib.
3631 5602 3674 5642 ιι

2025 5659 2229 5741 σαῤ.’6,
2251 5659 2323 5723 "in
2355 5667 2611 5731 Damaso,
2641 5678 2795 5719 num.
2835 5659 2979 5730 l80).
