4156 6328
454 373 562 428 595

1300 368 1647 422 ADDENDA
1684 368 1783 419 AD
1820 362 2164 430 QUOSDAM
2202 360 2741 415 PRECEDENTES
2777 358 3036 414 TOMOB.

3751 349 3864 407 596

456 495 893 569 apertissimum
917 506 1018 562 pro
1050 488 1323 561 Hispanis
1367 490 1771 546 testimonium
1830 489 2097 561 ignorare
2128 486 2183 551 Α
2208 498 2334 549 ns,
2366 486 2540 554 atque
2561 498 2679 538 una
2695 496 2931 536 csm'ros
2947 477 3421 534 paraudicerent
3439 478 3870 545 assererentve,

456 588 727 658 possent,
759 596 892 638 cum
923 597 993 636 ex
1013 579 1106 633 his
1137 595 1265 650 qua!
1293 579 1611 635 hodiedum
1643 583 1959 653 supersunt
1979 580 2108 651 ejus

460 671 717 743 catalogi
758 667 1187 740 exemplaribus
1217 684 1512 740 nusquam
1545 674 1683 725 tunc
1718 687 1828 725 non
1871 668 2107 724 obvium

462 779 598 819 eum
628 761 893 816 Codicem
928 758 1107 813 fuisse
1138 757 1646 813 verosimillimum
1682 758 1786 813 sit?
1820 761 1897 813 An
1932 758 2109 814 etiam

466 847 823 907 Pontiﬁcalis
847 846 982 901 libri
1015 847 1086 901 ab
1120 846 1357 902 ineunte
1381 846 1592 902 saeculo
1636 864 1731 902 VIII
1765 848 2001 915 exarati,
2036 864 2110 902 an

463 938 690 995 Codicis
719 935 1297 1005 Palatino-Vaticani,
1323 951 1495 1005 quem
1516 937 1586 991 ad
1608 953 1825 992 annum
1847 938 1952 991 826
1975 953 2111 992 con-

463 1028 749 1100 scriptum
782 1026 966 1081 fuisse
989 1025 1240 1080 diximus
1264 1040 1276 1079 :
1313 1042 1384 1080 an
1404 1027 1637 1081 demum
1661 1026 1953 1082 Anastasii
1984 1042 2112 1098 syn-

464 1117 669 1173 chroni
702 1120 872 1171 Petro
894 1114 1160 1184 diacono,
1190 1118 1253 1168 ut
1276 1115 1648 1185 conjicimus,
1673 1117 1928 1171 auctoris
1950 1115 2113 1170 testi-

467 1204 860 1276 monia,queis
878 1205 1160 1258 Damasus
1172 1202 1555 1259 disertissime
1569 1205 1866 1276 Hispanus
1880 1205 2112 1275 dicitur,

467 1299 783 1365 utrumque
814 1293 972 1348 hunc
1005 1291 1350 1363 scriptorem
1385 1293 1623 1348 omnino
1666 1292 1908 1349 latuisse
1944 1292 2115 1348 volu-

468 1384 634 1441 mus?
655 1383 868 1452 (Mitto,
896 1382 946 1439 si
978 1397 1095 1452 qua
1124 1382 1194 1437 de
1225 1382 1426 1437 eodem
1463 1388 1809 1454 argumento
1855 1388 2115 1438 veterum

469 1474 691 1545 scripta
721 1477 861 1528 tunc
888 1470 1169 1543 temporis
1187 1472 1473 1527 exstantia
1504 1472 1573 1527 ad
1596 1477 1853 1527 nostram
1888 1475 2116 1527 aetatem

472 1579 585 1618 non
622 1566 1028 1633 pervenerunt,
1064 1565 1165 1615 aut
1196 1576 1382 1631 usque
1404 1560 1465 1614 in
1496 1560 1862 1616 bibliothecis
1887 1560 2116 1631 latent.)

472 1653 584 1706 Aut
613 1650 663 1705 si
693 1667 723 1706 e
753 1649 1044 1706 contrario
1076 1665 1143 1704 ea
1172 1650 1370 1704 omnia
1388 1654 1688 1720 perspecta
1712 1649 2118 1719 habuere,quo

473 1744 639 1813 pacto
670 1740 991 1795 Damasum
1029 1738 1243 1793 nedum
1277 1738 1500 1809 privata
1548 1738 1657 1808 ipsi
1690 1738 1964 1809 Opinione
2012 1739 2118 1792 Ro-

474 1844 718 1884 manum
749 1828 1002 1894 credere,
1054 1828 1153 1881 sed
1201 1827 1393 1898 palam
1425 1843 1456 1881 e
1486 1831 1765 1899 suggestu
1829 1826 2118 1897 frequenti
2149 1839 2197 1905 Β

474 1917 672 1990 populi
694 1918 993 1985 concione,
1017 1925 1191 1987 atque
1207 1916 1381 1971 editis
1397 1916 1567 1971 etiam
1588 1916 1756 1971 libris
1778 1933 2116 1989 propagare;

473 2025 600 2074 seu,
634 2008 787 2079 quod
819 2008 1021 2062 eodem
1056 2006 1224 2070 redit,
1248 2006 1572 2062 secundum
1590 2006 1931 2077 pontificum
1964 2012 2123 2062 cata-

472 2097 695 2169 logum,
723 2102 900 2168 atque
928 2095 1330 2162 Anastasium,
1349 2099 1687 2166 veteresque
1709 2095 1855 2151 alios
1883 2095 2123 2151 Codices

477 2186 836 2242 contrarium
858 2188 1188 2241 asserentes
1210 2185 1573 2255 proscribere
1589 2201 1655 2240 ac
1672 2184 1973 2240 ditl‘amare
1995 2183 2124 2239 ausi

473 2276 724 2332 fuissent
743 2275 771 2330 ?
799 2275 1080 2329 Praeterea
1101 2274 1150 2328 si
1182 2272 1349 2337 nulli,
1375 2290 1546 2344 quem
1580 2274 1936 2338 noverimus,
1976 2272 2125 2328 anti-

473 2364 662 2437 quiori
696 2368 797 2420 aut
827 2363 1158 2436 synchrono
1190 2362 1457 2434 scriptori
1490 2362 1551 2417 in
1593 2367 1848 2418 mentem
1896 2363 2125 2434 uspiam

472 2454 631 2510 venit
656 2458 975 2509 Damasum
1005 2452 1331 2507 Romanum
1354 2452 1561 2518 facere,
1585 2468 1700 2523 quo
1724 2457 1891 2523 pacto
1914 2468 2130 2507 comm-

474 2560 694 2600 TRIO’I‘E
722 2542 987 2609 verbum,
1013 2555 1119 2596 nec
1142 2554 1255 2596 non
1280 2557 1513 2597 comma
1534 2558 1648 2597 UNA
1670 2558 1905 2597 GENITOS
1926 2558 2130 2597 PATBIA

478 2650 545 2689 eo
574 2636 837 2704 respectu
868 2630 939 2685 ab
980 2629 1073 2685 his
1106 2630 1445 2686 auctoribus
1478 2631 1696 2701 scripta
1747 2635 1849 2685 aut
1904 2630 2131 2701 prolata

480 2719 1080 2785 fuissecredibileest,
1114 2719 1284 2788 quasi
1316 2724 1561 2789 uterque
1590 2723 1860 2774 sanctum
1896 2720 2132 2790 pontifi-

480 2826 607 2867 cem
640 2825 708 2865 ea
730 2808 1135 2864 enuntiatione
1166 2808 1516 2875 Romanum,
1552 2824 1713 2879 teque
1744 2824 1810 2863 ac
1867 2808 2130 2864 Lauren-

477 2899 628 2954 tium
664 2896 1015 2952 intellexerit
1045 2899 1069 2952 Ρ

552 2987 830 3053 Ulterius,
863 2990 991 3041 acta
1021 2985 1093 3041 de
1124 2984 1341 3057 quibus
1374 2986 1607 3057 agimus
1666 2986 1859 3041 Romae
1918 2987 2135 3057 scripta

480 3077 664 3146 fuere,
690 3077 1101 3145 Romanosque
1130 3073 1191 3129 in
1226 3075 1312 3130 eis
1345 3074 1565 3146 alloqui
1597 3074 1768 3146 plane
1795 3075 2134 3148 videturip-

481 3179 682 3220 sorum
716 3166 941 3229 auctor,
976 3167 1041 3217 ut
1068 3177 1135 3217 ex
1167 3161 1421 3234 simplici
1452 3162 1712 3218 locorum
1737 3163 1905 3219 Urbis
1927 3164 1983 3218 in
2009 3163 2134 3235 qui-

2213 572 2356 644 quin
2384 572 2586 627 effusis
2601 570 2895 626 adstantis
2917 568 3116 641 populi
3136 568 3538 637 lectorumque
3559 564 3873 621 cachinnis

2212 663 2799 736 exciperentur?Aut
2829 679 2934 717 cur
2991 662 3039 717 si
3100 666 3417 715 Damasum
3470 663 3718 729 uterque
3775 656 3877 711 ille

2214 754 2465 827 scriptor
2483 756 2811 811 Romanum
2838 751 3106 819 credidit,
3123 767 3235 805 non
3260 748 3525 805 omnium
3547 751 3647 803 aut
3664 761 3877 802 eorum

2215 846 2408 917 potius
2446 845 2544 917 qui
2569 845 2627 900 in
2660 844 2935 899 concione
2962 843 3206 898 aderant
3238 841 3654 909 Romanorum,
3689 853 3877 909 quam

2215 934 2392 990 unius
2426 932 2718 989 Laurentii
2748 946 3190 987 COMPATRIOTAM
3222 927 3483 985 diceret?

2286 1068 2415 1124 Haec
2430 1086 2542 1125 non
2558 1068 2703 1125 satis
2726 1068 3064 1124 Merendam
3079 1065 3484 1122 considerasse
3498 1067 3662 1136 puto,
3682 1061 3882 1134 prius-

2218 1176 2396 1231 quam
2430 1161 2501 1215 ad
2534 1160 2812 1215 Actorum
2843 1159 3020 1214 verba
3061 1156 3461 1229 responderet.
3496 1154 3641 1211 Civis
3670 1150 3880 1225 appel-

2218 1249 2359 1305 latio
2393 1266 2493 1321 prc
2528 1266 2664 1321 qua,
2698 1265 2831 1305 cum
2855 1249 3055 1321 patriae
3088 1244 3567 1303 communionem
3599 1243 3880 1315 designa-

2219 1356 2374 1394 mus:
2403 1356 2674 1396 concxvss
2705 1354 3132 1394 coupa'rmous
3161 1336 3261 1392 inti
3274 1352 3369 1391 ma
3391 1334 3675 1391 Latinitas
3706 1348 3881 1405 repo-

2220 1428 2360 1497 suit,
2394 1428 2565 1483 utiiis
2592 1428 2869 1499 quiextra
2899 1428 3146 1499 patriam
3164 1422 3879 1481 versanturusitatissima

2220 1522 2309 1576 est
2338 1518 2573 1591 pietatis
2604 1519 2661 1573 in
2694 1533 3068 1573 communem
3092 1521 3394 1588 parentem
3425 1519 3669 1582 tessera,
3703 1512 3786 1568 ita
3817 1511 3879 1566 in

2222 1608 2411 1679 patria
2443 1606 2814 1679 degentibus,
2849 1606 2900 1662 si
2927 1606 3061 1678 quis
3075 1605 3306 1661 eacives
3321 1621 3461 1660 suos
3473 1600 3887 1674 alloquivellet

2223 1696 2484 1752 insolens
2518 1702 2674 1752 esset
2705 1713 2771 1752 ac
2802 1694 2972 1768 plane
2996 1693 3302 1767 jocularis.
3350 1694 3671 1765 Fingamus
3724 1689 3883 1761 apud

2226 1786 2572 1857 Suetonium
2606 1790 2707 1840 aut
2745 1784 2926 1841 alium
2968 1801 3037 1840 ex
3080 1783 3357 1840 Romanis
3387 1780 3779 1854 scriptoribus
3809 1780 3881 1835 de

2226 1876 2449 1931 Caesare
2473 1875 2807 1948 loquentem
2830 1873 2966 1947 legi,
2993 1874 3238 1929 Brutum
3270 1871 3520 1943 exempli
3541 1887 3724 1927 causa
3745 1869 3885 1925 hor-

2225 1966 2318 2019 tos
2349 1980 2496 2035 quos
2528 1963 2718 2019 Caesar
2757 1963 2815 2018 in
2848 1961 3293 2019 Transtiberina
3322 1961 3558 2033 regione
3612 1958 3880 2031 posside-

2228 2053 2328 2108 bat
2357 2052 2431 2124 (b)
2464 2054 2535 2108 ab
2567 2068 2633 2107 eo
2660 2051 2922 2124 petiisse,
2947 2058 3012 2107 ut
3043 2053 3102 2107 in
3134 2051 3219 2107 eis
3240 2049 3440 2109 Cassio
3471 2064 3881 2105 comparamus

2230 2157 2337 2196 suo
2368 2140 2567 2197 villam
2589 2141 2965 2197 inzediticaret
2986 2140 3180 2212 (queis
3194 2139 3432 2195 omnino
3455 2138 3629 2194 metis
3643 2136 3884 2193 Damasi

2232 2229 2684 2286 aValentiniano
2700 2228 3063 2301 postulatum
3079 2227 3499 2298 concluditur);
3514 2242 3707 2282 nonne
3719 2243 3753 2281 a
3767 2224 3884 2280 mi-

2235 2335 2329 2374 mo
2355 2319 2473 2374 haec
2496 2323 2600 2373 aut
2621 2318 2905 2375 histrione
2937 2317 3133 2390 potius
3152 2333 3331 2388 quam
3355 2316 3427 2372 ab
3454 2314 3731 2372 historico
3762 2330 3890 2386 pro-

2235 2409 2389 2464 fecta
2408 2412 2775 2480 putaremus,
2807 2424 2941 2463 cum
2974 2424 3068 2463 res
3099 2404 3891 2477 mediainUrbeatqueinter

2237 2500 2531 2555 Romanos
2563 2500 2874 2571 ageretur?
2923 2498 3038 2553 Cur
3068 2496 3247 2568 igitur
3280 2497 3470 2567 magis
3502 2495 3752 2566 scriptor
3777 2496 3889 2549 Ac-

2236 2593 2433 2644 torum
2463 2593 2565 2643 aut
2596 2588 2798 2643 Petrus
2828 2586 2928 2642 ille
2957 2585 3270 2655 Diaconus,
3303 2601 3436 2640 cum
3486 2589 3733 2654 uterque
3771 2582 3893 2639 Ro-

2238 2695 2450 2734 manus
2481 2681 2655 2747 esset,
2692 2682 3122 2747 Damasumque
3152 2675 3357 2730 itidem
3383 2675 3710 2730 Romanum
3727 2677 3900 2745 puta-

2238 2771 2345 2834 ret,
2370 2783 2505 2822 eum
2548 2767 2606 2821 in
2664 2765 2836 2821 Urbis
2894 2768 3093 2821 centro
3147 2768 3203 2820 et
3260 2762 3554 2835 frequenti
3610 2762 3899 2819 concione

2240 2858 2574 2913 Romanum
2648 2855 2944 2911 Laurentii
3026 2870 3461 2910 οοΜΡΑτιιιοτΑιι
3527 2852 3899 2925 ineptissime

2241 2945 2460 3002 diceret
2489 2945 2516 2999 ‘2
2546 2944 2677 3000 Haec
2708 2944 3085 3016 quincunque
3116 2942 3429 2999 conciliare
3446 2942 3676 2998 studeat
3708 2939 3900 2996 nihilo

2242 3034 2377 3107 plus
2409 3037 2542 3107 agat
2564 3050 2737 3105 quam
2772 3033 2822 3089 si
2853 3048 2914 3089 se
2941 3033 3141 3089 Romae
3173 3047 3430 3104 praesens
3452 3035 3614 3087 extra
3644 3031 3900 3086 Romam

2243 3129 2487 3197 quaerat.
2522 3124 2638 3180 Nos
2652 3127 2891 3180 tamene
2913 3120 3252 3178 diverticulo
3284 3121 3345 3177 in
3376 3120 3529 3177 viam
3556 3120 3898 3176 redeamus.

482 3211 682 3220 πη...
717 3211 941 3229 _-.----,
981 3211 1039 3217 _-
1072 3211 1135 3217 ---
1167 3211 1421 3234 --_,_----
1452 3211 1712 3218 -----__.
1742 3211 1904 3219 μ-.-
2012 3211 2108 3235 Ἰ--

482 3255 595 3310 bus
626 3250 911 3309 nonnulla
939 3252 1237 3307 aDamaso
1254 3256 1421 3323 gesta
1442 3256 1844 3307 memorantur
1864 3253 2135 3325 designa-
2167 3211 2211 3279 ϐ
2321 3257 2574 3314 Sanctus
2609 3258 2731 3313 Ado
2762 3255 3116 3312 Viennensis
3151 3254 3629 3328 archiepiscopus
3660 3252 3762 3325 qui
3792 3269 3907 3309 saa-

481 3344 661 3413 tione,
699 3357 878 3414 quam
910 3341 1056 3397 alias
1090 3357 1261 3396 nemo
1293 3340 1406 3396 nisi
1440 3345 1737 3397 Romanus
1769 3347 1870 3397 aut
1902 3342 1959 3397 in
1986 3342 2137 3399 Urbe

481 3439 747 3487 versatus
767 3429 1172 3499 intellexisset,
1206 3431 1582 3486 manifestum
1606 3431 2008 3487 est.Consu1to
2030 3431 2135 3487 ali-

488 3538 604 3593 qua
636 3525 899 3576 actorum
924 3520 1050 3575 loca
1079 3536 1109 3574 e
1140 3520 1372 3589 regione
1403 3521 1778 3591 adjunximus
1811 3522 1913 3593 (a).
1962 3523 2137 3577 Baro-

492 3610 626 3665 nius
650 3624 905 3680 quoque,
939 3612 1001 3663 ut
1023 3606 1160 3663 alibi
1192 3608 1471 3676 diximus,
1507 3626 1570 3664 ea
1616 3611 1678 3664 in
1730 3610 1967 3665 Ecclesia
2006 3612 2139 3665 olim

488 3698 717 3755 recitari
736 3699 903 3754 solita
930 3697 1099 3768 fuisse
1129 3698 1359 3763 asserit,
1394 3700 1550 3770 quod
1611 3715 1717 3771 ego
1766 3700 1837 3755 de
1896 3701 2140 3756 Romana

487 3790 860 3862 interpretor,
892 3788 1038 3844 alias
1067 3786 1477 3860 particularem
1503 3788 1601 3844 ille
1632 3790 1950 3846 Ecclesiam
1987 3791 2139 3847 desi-

486 3882 743 3953 gnasset.
770 3881 1054 3934 Praeterea
1080 3882 1291 3933 Petrus
1325 3876 1420 3932 ille
1450 3879 1782 3949 apostolicae
1828 3880 1984 3936 sedis
2016 3880 2139 3935 dia-

486 3986 670 4026 conus
702 3969 999 4025 Romanus
1032 3968 1311 4039 profecto,
1338 3968 1543 4024 saltem
1577 3968 1746 4025 Urbis
1778 3968 1969 4025 incola
2006 3970 2139 4039 fuit,

485 4062 553 4114 ut
579 4075 647 4115 ex
667 4058 857 4130 ipsius
875 4057 1059 4127 gradu
1084 4073 1150 4111 ac
1173 4057 1458 4129 dignitate
1482 4057 1668 4129 liquet
1694 4075 1707 4125 ;
1738 4057 1903 4113 locus
1935 4074 2001 4113 ex
2023 4074 2139 4129 quo

488 4163 824 4204 sermonem
848 4148 919 4203 de
939 4146 1192 4202 Damaso
1223 4146 1430 4202 habuit
1452 4146 1858 4203 Laurantiana:
1882 4146 2140 4203 Basilicm

490 4240 826 4307 suggestus,
859 4240 1125 4292 centrum
1157 4234 1423 4292 videlicet
1452 4235 1658 4291 Urbis:
1704 4252 1883 4307 quare
1930 4238 2139 4292 Roma-

491 4340 631 4380 nam
648 4324 1033 4395 omniumque
1055 4324 1327 4379 ordinum
1351 4324 1690 4380 concionem
1706 4323 1888 4379 fuisse
1902 4340 2141 4381 necesse

489 4414 616 4467 est:
653 4426 768 4480 quo
800 4426 935 4482 ergo
980 4414 1148 4482 pacto
1204 4415 1410 4466 Petrus
1470 4410 1567 4467 ille
1621 4411 1909 4468 Diaconus
1968 4420 2143 4484 atque

2245 3348 2375 3403 culo
2407 3364 2463 3401 1x
2496 3344 2973 3418 Martyrologium
2990 3346 3118 3416 ejus
3133 3344 3370 3399 nomine
3393 3343 3729 3414 evulgatum
3757 3358 3906 3397 con-

2246 3437 2509 3509 scripsit;
2542 3437 2612 3491 de
2630 3433 3492 3506 Laurentiomartyreloquens,
3527 3431 3905 3487 induciteum

2245 3531 2556 3599 atyranno
2590 3524 2721 3597 quis
2751 3524 3016 3595 qualisve
3066 3527 3222 3579 esset
3274 3527 3544 3594 rogatum
3602 3525 3779 3591 atque
3839 3520 3907 3575 in

2244 3615 2368 3670 haec
2421 3615 2599 3671 verba
2646 3614 3098 3686 respondentem
3130 3613 3243 3682 (c):
3297 3612 3576 3679 Quantum
3603 3610 3674 3665 ad
3727 3625 3909 3681 genus

2248 3722 2521 3760 exeamus
2541 3720 2685 3771 sum,
2717 3704 2988 3771 eruditus,
3021 3718 3088 3757 ac
3108 3704 3352 3757 nutritus
3374 3708 3639 3770 BOMIE,61
3668 3717 3700 3755 a
3729 3716 3910 3756 cuna-

2248 3795 2392 3849 bulis
2412 3793 2780 3848 Christianus.
2806 3793 2934 3847 Haec
2954 3796 3153 3846 autem
3178 3790 3227 3845 si
3252 3788 3432 3846 semel
3456 3789 3527 3845 ab
3550 3790 3913 3846 adversariis

2248 3882 2424 3937 fidem
2440 3881 3208 3953 impetraverint,negotium
3224 3879 3559 3934 universum
3574 3878 3913 3951 transigere

2249 3971 2443 4042 palam
2476 3975 2583 4026 est.
2602 3968 2883 4026 Consulto
2916 3968 3325 4024 limitationem
3349 3966 3571 4037 addidi,
3595 3967 3693 4038 qui
3720 3966 3912 4023 sciam

2250 4059 2633 4116 Blanchinum
2668 4058 2745 4130 (ά)
2774 4058 3164 4114 Laurantiana
3190 4056 3411 4113 Adonis
3438 4060 3604 4123 Acta,
3644 4073 3778 4113 cum
3811 4056 3914 4113 his

2252 4164 2383 4221 quas
2411 4148 2586 4220 vulgo
2606 4148 3124 4217 circumferuntur,
3152 4146 3306 4203 Surii
3343 4145 3567 4202 scilicet
3597 4145 3691 4217 (e),
3719 4145 3917 4201 sancti

2252 4238 2555 4294 Maximini
2579 4237 2943 4293 Trevirensis
2996 4240 3083 4308 tl),
3116 4241 3174 4293 et
3220 4234 3487 4291 Vaticani
3543 4234 3773 4289 Codicis
3803 4234 3916 4305 (g),

2253 4344 2358 4383 nec
2390 4344 2508 4384 non
2540 4344 2675 4383 cum
2708 4326 2801 4383 his
2825 4344 2954 4399 quae
2976 4331 3198 4383 Donato
3234 4325 3533 4381 Servitano
3563 4323 3710 4380 falso
3744 4324 3918 4379 attri-

2251 4417 2395 4472 buta
2427 4422 2566 4472 sunt
2596 4433 2630 4471 a
2652 4432 2767 4472 non
2784 4415 3019 4471 nemine
3049 4415 3151 4488 (h),
3172 4414 3578 4471 velutinﬁrma
3608 4412 3919 4469 acnullius

487 4504 765 4557 Actorum
797 4501 1070 4572 scriptor,
1104 4502 1352 4557 Romani
1376 4518 1508 4556 cum
1535 4507 1731 4558 essent
1762 4508 1817 4559 et
1848 4504 2144 4560 Romanos
2180 4572 2209 4577 _
2255 4504 2391 4559 ﬁdei
2424 4505 2494 4560 ad
2524 4508 2795 4577 agnatos,
2830 4508 2893 4559 ut
2925 4503 3112 4575 aiunt,
3145 4520 3201 4559 et
3222 4503 3470 4577 gentiles
3501 4502 3795 4575 ablegare;
3818 4520 3917 4559 ve-

491 4591 956 4663 alloquerentur,
989 4591 1039 4646 si
1071 4591 1273 4646 itidem
1309 4592 1683 4648 Laurentium
1740 4599 1795 4649 et
1826 4599 2142 4650 Damasum
2174 4572 2221 4637 Ῑ)
2253 4610 2409 4660 rum,
2434 4572 2590 4665 quod
2622 4594 2751 4664 ejus
2782 4572 2936 4664 pace
2985 4572 3256 4659 dixerim:
3318 4591 3485 4648 aliter
3528 4572 3683 4662 sues,
3745 4591 3922 4647 aliter

489 4681 786 4738 Romanos
801 4679 1206 4749 credidissent,
1222 4697 1320 4737 eos
1342 4681 1769 4738 mediainUrbe
1794 4700 2143 4740 COMPATRIO-

563 4842 644 4914 (α)
675 4844 739 4899 Et
770 4840 1041 4925 habitavit
1079 4842 1399 4969 (Liberius!)
1441 4845 1621 4911 extra,
1646 4844 1944 4928 .milliarib
1986 4845 2144 4901 tertio

590 4918 897 4969 cwmeterio
926 4913 1067 4969 quod
1105 4915 1309 4969 dicitur
1404 4914 1567 4969 cella.
1602 4931 1696 4969 via
1739 4916 1961 4969 Salaria
1991 4919 2144 4969 (Acta

498 4914 562 4970 in
590 4916 897 4970 cwmeterio
926 4913 1067 4985 quod
1105 4914 1309 4969 dicitur
1358 4913 1567 4971 Noella.
1602 4916 1696 4971 via
1739 4916 1961 4971 Salaria
1991 4919 2145 4985 (Acta

496 4985 741 5056 Damasi,
773 5003 867 5055 ap,
893 4985 1202 5055 Summam,
1237 5002 1367 5057 pag.
1400 4987 1514 5053 42).

566 5059 708 5113 Erat
731 5062 915 5113 autem
946 5074 1053 5112 non
1086 5059 1240 5129 longe
1262 5075 1295 5111 a
1324 5059 1628 5113 caemelerio
1658 5059 1866 5116 Noellae
1897 5066 2145 5117 cwmete-

496 5130 647 5183 rium
674 5131 999 5186 Oslrianum
1025 5129 1213 5197 (lbid.,
1248 5145 1380 5199 pag.
1414 5130 1526 5196 45).

570 5204 635 5255 Et
663 5200 752 5255 die
779 5202 941 5257 tertio
972 5203 1191 5257 veniens
1222 5201 1487 5255 Damasus
1517 5200 1589 5256 ad
1631 5203 1917 5259 ecclesiam
1968 5203 2149 5258 sancti

498 5270 652 5325 Petri
681 5272 925 5342 expiavit
977 5273 1151 5328 locum
1182 5271 1351 5327 illum
1388 5274 1487 5343 qui
1532 5277 1609 5327 est
1638 5274 1706 5329 ad
1763 5276 2014 5330 dextram
2056 5275 2149 5329 in-

497 5345 840 5417 troeuritibus
872 5345 1159 5399 basilicam
1186 5345 1366 5399 sancti
1395 5344 1552 5399 Petri
1583 5346 1771 5415 (ΗΜΛ,
1805 5364 1857 5417 p.
1894 5348 2004 5417 46).

570 5412 779 5480 Quibus
834 5431 1120 5489 occurrens
1164 5419 1460 5489 Damasus”
1486 5412 1831 5472 venerandas
1883 5412 2152 5489 reliquias

500 5484 867 5561 (sanctorum
894 5486 1116 5561 Juliani
1134 5492 1190 5543 et
1211 5486 1468 5561 Caesarii)
1488 5490 1562 5542 ad
1581 5490 1856 5561 palatium,
1877 5484 2048 5561 usque
2065 5491 2151 5545 de-

500 5555 703 5629 ducens
734 5558 887 5629 intra
908 5560 1199 5629 imperiale
1219 5555 1532 5615 cubiculum
1552 5555 2153 5618 v'enerabililer'recon-

505 5627 649 5683 didit
676 5627 859 5699 (ma,
894 5627 1028 5700 pag.
1060 5631 1175 5700 so).

567 5716 637 5780 (ὁ)
672 5717 845 5768 Trans
863 5716 1090 5769 Tiberim
1115 5718 1274 5783 lqnge
1289 5720 1449 5771 cubat
1464 5717 1511 5769 is
1524 5734 1690 5783 prope
1702 5719 1928 5771 Cesaris
1949 5721 2157 5773 hortos.

1122 5781 1337 5845 (Horat,
1369 5781 1537 5833 sermi
1560 5781 1651 5833 lib’.
1682 5796 1717 5841 ι,
1751 5788 1848 5836 sat.
1882 5784 1929 5845 9,
1964 5784 2063 5849 18).

2254 4681 2409 4737 olent
2438 4682 2634 4737 catuli.

2255 4919 2299 4972 Α
2326 4846 2397 4917 (c)
2431 4845 2682 4901 Sanctus
2714 4845 2835 4901 Ado
2868 4845 2928 4899 in
2960 4845 3088 4917 ejus
3114 4844 3453 4918 Martyrol"
3512 4845 3583 4900 ad
3633 4844 3789 4900 diem
3847 4845 3922 4900 10

2306 4933 2402 4972 ua.

2306 4933 2402 4989 ug.

2330 5016 2409 5087 (εἰ)
2432 5018 2642 5072 Annot.
2673 5016 2774 5070 105
2805 5017 2863 5070 in
2898 5015 3225 5071 Orationar.
3263 5014 3491 5072 Gothic.
3520 5015 3677 5070 inter
3718 5014 3924 5071 Prole-

2257 5104 2511 5159 gomena
2537 5105 2698 5160 oper.
2721 5087 2977 5159 liturgic.
3000 5088 3294 5144 ven.card.
3319 5087 3620 5143 Thomasii
3660 5103 3790 5159 pag.
3810 5089 3925 5143 283

2260 5267 2300 5321 Α
2330 5194 2733 5336 (e))Habentur
2764 5194 2919 5267 apud
2950 5195 3147 5266 ipsum
3197 5197 3377 5266 (Tom.
3429 5211 3506 5265 xv,
3553 5193 3625 5250 ad
3672 5193 3820 5250 diem
3848 5194 3928 5250 40

2308 5283 2395 5336 ug.
2430 5307 2441 5320 .

2308 5283 2441 5337 ug.).

2336 5367 2400 5437 (Ι)
2438 5367 2740 5439 Laudatur
2788 5366 2920 5437 ejus
2972 5365 3378 5439 apographum
3414 5384 3446 5422 a
3493 5366 3599 5423 PP.
3650 5365 3923 5423 Bolland.

2263 5439 2356 5508 (10
2387 5439 2544 5508 Aug.,
2583 5440 2609 5506 §
2636 5438 2724 5504 12,
2754 5455 2813 5503 n,
2846 5438 2992 5511 419).

2340 5535 2423 5607 (g)
2458 5537 2692 5607 Integra
2716 5535 3009 5592 habentur
3038 5536 3099 5591 in
3132 5535 3457 5607 Prolegom.
3493 5536 3798 5592 Blanchini
3844 5535 3927 5592 ad

2267 5623 2361 5750 (ἐξ.
2426 5607 2679 5751 ἓὸἓῖεἱο.
2738 5623 2869 5663 ven.
2926 5609 3103 5664 carda
3159 5607 3457 5665 Thomasii
3506 5609 3730 5680 (Amt.
3795 5608 3927 5665 106.

2346 5696 2400 5749 g.

2346 5696 2400 5749 g.

2342 5776 2422 5848 (h)
2453 5776 2545 5832 Fr.
2578 5776 2787 5833 Bonav.
2844 5774 3069 5834 Ausina
3114 5792 3216 5835 seu
3276 5775 3379 5848 qui
3412 5775 3521 5835 sub
3550 5793 3620 5836 eo
3678 5776 3928 5838 nomine
