4156 6328
286 393 395 449 617

723 513 977 579 Tuosque
1007 514 1256 565 alumnos
1297 515 1512 567 urbicos
1592 533 1596 537 ·

726 577 980 628 lactante
1014 579 1326 641 complexus
1355 580 1478 630 sinu

729 643 962 692 Paterno
1000 655 1182 690 amore
1218 642 1444 692 nutrias.

287 742 488 799 Potuit
518 741 661 798 item
694 740 753 796 in
785 741 894 796 hoc
925 744 1115 796 tractu
1148 740 1519 813 prudentius,
1562 740 1682 794 imo
1723 740 1949 807 debuit,

293 833 341 890 si
375 833 572 888 Romae
624 829 980 886 Laurentius
1035 834 1209 884 natus
1261 829 1490 900 fuisset,
1519 845 1588 884 ex
1619 846 1730 883 usu
1765 827 1949 884 Latini

293 920 586 978 sermonis
618 921 834 975 nedum
866 916 1149 989 alumnos,
1173 919 1274 973 sed
1299 918 1468 991 plane
1493 917 1793 974 Laurentii
1811 919 1950 972 cives

291 1011 590 1066 Romanos
613 1007 928 1081 appellare;
951 1007 1275 1078 praesertim
1300 1024 1430 1062 cum
1449 1023 1577 1062 eam
1602 1023 1799 1062 vocem
1824 1023 1949 1061 car-

290 1100 469 1156 minis
500 1099 659 1170 leges
693 1113 809 1154 non
859 1101 1159 1169 respuant.
1207 1097 1422 1163 Quidni
1454 1102 1648 1152 autem
1681 1096 1900 1151 diceret
1931 1110 1945 1152 :

759 1206 1005 1268 Tuosque
1059 1217 1197 1254 cxvss
1231 1205 1484 1254 urbicos?

285 1307 357 1363 Et
374 1305 618 1378 quidem
638 1304 686 1360 si
711 1305 782 1358 ad
811 1304 1143 1375 primaevam
1170 1303 1327 1359 vocis
1352 1303 1790 1375 originem,qua
1809 1302 1951 1358 cives

291 1414 324 1452 a
347 1394 614 1452 coeundo
637 1392 824 1448 dictos
850 1391 1094 1460 scimus,
1118 1396 1221 1448 aut
1242 1393 1311 1446 ad
1335 1392 1438 1462 jus
1465 1395 1733 1446 Romanis
1755 1391 1952 1446 civita-

293 1485 395 1551 tis,
433 1487 537 1540 aut
585 1481 840 1553 denique
890 1482 961 1536 ad
992 1487 1341 1553 perpetuum
1378 1480 1676 1536 Laurentii
1708 1481 1766 1534 in
1801 1479 1953 1535 Urbe

285 1573 610 1630 incolatum
661 1570 952 1643 respicere
1012 1571 1365 1626 Prudentius
1393 1569 1694 1636 voluisset,
1727 1573 1954 1642 poterat

294 1680 438 1722 sane
463 1661 842 1718 Laurentium
866 1677 934 1716 ex
951 1675 1089 1716 vero
1115 1661 1301 1716 civem
1343 1664 1669 1716 Romanum
1690 1657 1951 1732 appella.

297 1771 384 1810 re.
430 1751 646 1807 Verum
682 1766 816 1806 cum
864 1749 973 1805 hoc
1011 1750 1189 1805 verbo
1240 1749 1722 1822 frequentissime
1755 1747 1952 1820 patriai

296 1841 775 1899 communionem
807 1839 1104 1912 designari
1128 1844 1346 1907 nosset,
1373 1838 1642 1895 consulto
1669 1837 1741 1894 ab
1764 1854 1830 1893 eo
1854 1837 1944 1893 abo

285 1929 504 1987 stinuit
526 1928 822 2000 Hispanus
845 1926 1196 1998 scriptor,ne
1216 1927 1437 1983 scilicet
1455 1927 1791 1998 ambiguam
1817 1943 1946 1982 sen-

292 2019 540 2075 tentiam
568 2017 856 2083 redderet;
880 2021 1002 2085 aut,
1026 2015 1076 2071 si
1110 2015 1252 2072 illud
1294 2015 1353 2072 in
1399 2017 1720 2088 posteriore
1768 2033 1948 2072 sensu

293 2115 364 2164 ab
389 2107 591 2180 aliquo
641 2111 1056 2177 usurparetur,
1091 2105 1471 2162 Laurentium
1507 2106 1785 2178 Hispanis
1823 2105 1947 2161 suis

291 2196 682 2266 abjudicaret,
715 2212 900 2267 eaque
931 2196 1001 2250 de
1033 2211 1208 2251 causa
1247 2196 1544 2251 Romanos
1587 2193 1949 2251 sanctissimi

295 2284 484 2341 levita:
517 2287 772 2340 alumnos
796 2300 975 2356 quam
1007 2271 1150 2340 cives
1181 2284 1476 2356 appellare
1505 2285 1734 2339 maluit.

363 2380 497 2430 Haec
523 2379 719 2430 tamen
745 2373 1949 2444 conjecturaliasunt;illudcertum,vocem

293 2465 700 2532 alumnus,seu
722 2466 846 2535 ejus
869 2468 1102 2536 etymon
1148 2469 1251 2518 aut
1279 2463 1757 2535 analogiam,sivc
1781 2481 1951 2519 usum

295 2555 492 2628 potius
518 2554 709 2610 Latini
742 2555 1034 2610 sermonis
1063 2558 1312 2626 spectes,
1359 2555 1592 2624 proprie
1617 2553 1949 2624 significare

291 2644 392 2716 qui
423 2642 713 2714 corporali
747 2642 1025 2698 alimento
1049 2644 1120 2698 ab
1145 2642 1260 2697 alio
1283 2642 1948 2708 sustentatur,etreferri

290 2735 365 2789 ad
387 2733 696 2803 nutritius;
725 2749 828 2804 per
849 2732 1298 2788 similitudinem
1333 2738 1557 2799 autem,
1583 2733 1649 2787 ad
1683 2732 1948 2787 animum

286 2823 622 2892 transferri,
646 2838 762 2892 quo
787 2839 962 2877 sensu
1004 2821 1319 2894 disciplinae
1354 2838 1419 2877 ac
1447 2821 1667 2892 pietatis
1697 2823 1950 2876 alumnos

288 2913 448 2984 apud
478 2918 704 2967 veteres
724 2911 992 2982 legimus:
1050 2911 1291 2966 minime
1321 2915 1516 2967 tamen
1558 2928 1660 2982 pro
1699 2913 1818 2966 cive
1848 2915 1950 2966 aut

291 3000 560 3074 populari
577 3000 886 3070 hactenus,
911 3001 1063 3072 quod
1095 3001 1303 3066 sciam,
1328 3005 1694 3072 usurpatam,
1711 3002 1825 3054 imo
1843 3016 1948 3054 nec

293 3089 458 3147 salva
479 3089 670 3162 ipsius
696 3089 1049 3162 proprietate
1069 3090 1338 3162 usurpari
1371 3107 1632 3162 unquam
1662 3089 1944 3161 potuisse.

292 3178 696 3235 Nihilominus
728 3183 923 3234 tamen
953 3178 1070 3234 vim
1102 3179 1282 3250 hujus
1309 3179 1465 3234 vocis
1497 3180 1650 3250 apud
1686 3179 1944 3234 Pruden-

293 3269 453 3324 tium
476 3285 547 3323 ex
571 3268 773 3323 mediae
799 3268 1133 3324 Latinitatis
1153 3269 1514 3338 auctoribus,
1542 3270 1793 3323 maxime
1815 3285 1950 3324 vero
1981 3239 2024 3306 Ο

298 3357 796 3415 execclesiasticis
819 3359 1082 3428 ejusdem
1110 3359 1298 3414 aetatis
1320 3359 1594 3414 Patribus
1622 3375 1822 3414 eruere
1849 3359 1951 3413 de-

288 3449 523 3503 bemus.
546 3447 614 3502 Et
635 3447 875 3518 quidem
900 3447 1012 3503 Leo
1047 3447 1317 3519 Magnus,
1348 3448 1447 3518 qui
1481 3465 1595 3503 non
1628 3447 1796 3517 longe
1821 3453 1954 3519 post

287 3536 678 3593 Prudentium
711 3535 928 3604 ﬂoruit,
952 3537 1022 3592 de
1043 3539 1266 3593 sanctis
1289 3537 1574 3610 apostolis
1597 3535 1955 3608 loquens,ait

289 3628 375 3698 (a)
394 3645 407 3682 :
423 3627 488 3681 Si
507 3630 696 3680 autem
710 3627 907 3681 Petrus
922 3625 1204 3697 apostolus
1222 3628 1366 3681 hanc
1381 3627 1609 3696 pietatis
1624 3641 1742 3680 suae
1762 3641 1954 3679 curam

281 3716 602 3790 populoDei
619 3715 760 3771 sicut
781 3715 1113 3771 credendum
1135 3717 1444 3787 est,ubique
1464 3715 1951 3787 protendit:quan-

289 3816 351 3862 to
371 3807 554 3874 magis
575 3821 816 3860 ALUMNIS
843 3821 968 3860 sons
987 3806 1296 3878 (ROMANIS)
1319 3821 1478 3876 Opem
1507 3822 1668 3860 suam
1691 3804 1956 3874 dignatur

285 3894 644 3968 impendere;
677 3895 826 3966 apud
855 3912 987 3967 quos
1008 3895 1070 3950 in
1091 3912 1250 3952 sacro
1271 3896 1635 3950 dormitionis
1652 3895 1830 3960 thoro,
1863 3910 1954 3948 ea-

289 3987 418 4042 dem
444 4001 557 4057 qua
573 3986 837 4057 praesedit
865 4001 1032 4042 carne
1061 3985 1401 4057 requiescit?

365 4075 636 4130 Viderint
660 4075 1332 4146 hic,quaeso,adversarii
1354 4091 1469 4146 quo
1491 4091 1667 4130 sensu
1687 4091 1719 4128 a
1750 4078 1952 4130 sancto

291 4168 523 4232 Leone,
549 4163 647 4236 qui
671 4164 874 4219 itidem
908 4166 1086 4220 Roma
1110 4170 1284 4221 natus
1323 4169 1468 4229 erat,
1501 4163 1743 4218 Romani
1777 4163 1953 4234 cives,

289 4257 452 4313 Petri
484 4253 1025 4326 apostolivocentur
1046 4253 1437 4310 alumni.Mihi
1461 4253 1697 4324 quidem
1721 4269 1952 4319 eavoce,

286 4345 612 4416 disciplinae
632 4360 696 4399 ac
713 4343 978 4400 doctrinae
998 4345 1237 4415 filii,aut
1250 4343 1426 4414 ipsius
1443 4342 1720 4398 clientela?
1741 4341 1955 4402 traditi;

291 4437 500 4491 forsan
542 4437 600 4488 et
649 4431 811 4490 Urbis
857 4432 1086 4501 incolae,
1122 4431 1454 4488 communis
1487 4432 1712 4486 scilicet
1752 4430 1957 4486 matris

397 4578 455 4648 α)
484 4577 673 4633 Serm.
707 4593 748 4633 ιι
781 4577 840 4632 in
874 4581 996 4634 nat.
1022 4581 1116 4632 SS.
1153 4575 1468 4647 apostolor.

399 4649 454 4720 b)
484 4650 544 4704 In
575 4649 793 4722 hymno
845 4651 914 4706 de
961 4651 1015 4705 S.
1065 4649 1372 4704 Vincentio
1418 4651 1692 4720 martyre,
1728 4650 1891 4718 strop

302 4736 481 4784 xxxv,
513 4737 662 4776 vers.
696 4723 818 4776 137.

380 4791 455 4860 (e)
488 4791 548 4846 In
570 4795 694 4847 not.
721 4794 790 4846 ad
838 4792 1124 4848 Prudent.
1149 4793 1260 4847 hoc
1282 4792 1428 4847 loco.
1456 4790 1614 4860 Apud
1637 4789 1760 4843 Nic.
1796 4790 1967 4844 Hein-

313 4864 476 4919 sium
498 4862 559 4918 in
589 4863 729 4920 edit.
762 4864 1060 4919 Prudentii
1109 4864 1440 4920 Coloniensi
1476 4863 1635 4928 1750,
1682 4877 1812 4932 pag.
1847 4864 1976 4915 227.

381 4933 458 5004 (ἀ)
485 4934 542 4988 Ρ.
568 4934 915 4989 Chamillart
951 4936 1011 4989 in
1061 4935 1285 4990 Comm.
1313 4935 1481 4991 Prud.
1509 4934 1618 4988 hoc
1649 4932 1774 4988 loco
1803 4951 1816 4988 :
1847 4933 1981 4987 Cum

315 5021 540 5077 semper
573 5015 779 5078 praesto
808 5005 967 5061 adsis
1022 5007 1280 5062 Romanis
1309 5022 1324 5061 :
1355 5023 1480 5062 cum
1506 5012 1637 5060 tuos
1671 5004 1982 5078 populares

309 5077 585 5134 materno,
603 5077 736 5133 sinu
765 5083 975 5150 foveas,
1003 5082 1053 5134 et
1082 5087 1338 5150 paterno
1363 5094 1550 5132 amore
1576 5077 1930 5148 prosequaris
1965 5094 1978 5132 :

303 5151 409 5205 hos
442 5150 618 5218 inter,
654 5167 682 5206 ο
716 5149 931 5206 Christi
957 5159 1197 5221 martyr,
1232 5149 1364 5204 audi
1393 5158 1607 5221 poetam
1627 5165 1736 5204 non
1759 5150 1978 5204 bonum.

385 5222 460 5289 (e)
491 5223 702 5294 Sroph.
735 5239 1012 5290 cxxxvm,
1045 5238 1195 5294 vers.
1231 5222 1356 5274 549.

387 5295 459 5363 (f)
495 5293 750 5366 Philipp.
785 5311 870 5366 ιιι,
907 5294 991 5366 19,
1025 5293 1222 5366 al._20.

765 5361 866 5438 γὰρ
913 5363 977 5438 τὸ
1021 5361 1430 5438 νπολίτενρμα-ἐγ
1462 5361 1712 5437 οὐρανοῖς
1749 5361 1980 5438 ὕπᾶρχει

1225 393 1705 452 ΒῙΒΒΕΒΤΔΤῙΟ
1736 394 1835 448 ΒΕ
1870 391 2168 448 DAMASO
2205 393 2299 447 ET
2334 394 2772 449 LAURENTIO.

1896 4605 2037 4701 h.D

3604 404 3711 460 618

1975 519 2029 586 Α
2061 516 2226 572 ubere
2251 515 2487 574 educati.
2521 533 2670 590 quos
2701 519 2932 590 proprie
2962 515 3089 580 τοὺς
3121 521 3528 600 συντροφίμους
3562 527 3722 586 dixe-

2057 606 2170 676 ris;
2207 608 2449 664 minime
2478 624 2612 664 vero
2648 611 2794 664 cives
2844 610 3134 680 pressius,
3173 617 3273 669 aut
3301 617 3595 687 populares
3627 618 3719 674 in-

2056 697 2237 770 telligi
2291 697 2600 768 videntur;
2661 716 2765 754 nec
2797 715 2978 756 sensu
3030 701 3205 774 plane
3255 704 3533 761 dissimili
3568 712 3713 764 Pru-

2057 787 2290 843 dentius
2323 789 2626 845 carniﬁces
2658 789 3014 862 lictoresque
3043 794 3293 851 alumnos
3329 799 3574 853 carceris
3603 797 3709 854 ali-

2057 877 2191 933 cubi
2223 879 2498 950 appellat,
2531 879 2806 949 inquiens
2836 882 2910 952 (b)
2946 899 2959 937 :

2459 978 2559 1028 Sed
2598 990 2710 1034 vos,
2755 992 2936 1027 ALUKNI
2985 993 3237 1038 cucsnxs,

2461 1043 2557 1088 Par
2596 1054 2807 1102 semper
2852 1041 3107 1091 invictum
3153 1043 3305 1100 mihi,

2459 1103 2716 1151 Cohibete
2749 1103 2965 1165 paulum
2997 1106 3244 1155 dexteras

2458 1166 2705 1228 Respiret
2734 1171 2792 1215 ut
2821 1167 2997 1216 lassus
3027 1169 3194 1232 vigor.

2055 1250 2230 1314 Quasi
2264 1253 2502 1322 diceret,
2536 1271 2664 1327 quos
2708 1272 2897 1311 carcer
2940 1258 3062 1312 alit.
3100 1258 3218 1313 lmo
3268 1258 3327 1314 in
3359 1259 3468 1315 hoc
3500 1259 3704 1316 eodem

2055 1343 2445 1400 Laurentiano
2477 1344 2717 1416 hymno,
2754 1362 3042 1418 pauperes
3067 1347 3316 1418 eleganti
3351 1365 3493 1405 sane
3526 1354 3710 1409 meta-

2055 1432 2240 1504 phora
2260 1433 2478 1488 alumni
2511 1435 2746 1490 luminis
2769 1435 3166 1507 appellantur,
3185 1455 3363 1509 quam
3391 1455 3496 1510 ego
3520 1440 3590 1494 ad
3614 1439 3710 1495 lit-

2054 1527 2239 1577 teram
2258 1521 2624 1594 interpretor,
2656 1525 2831 1579 lucem
2858 1527 3346 1598 depascentes;per
3371 1527 3712 1600 allegoriam

2052 1615 2249 1667 tamen
2273 1613 3708 1688 eosPrudentiumintellexissearbitror,qui,quod

2053 1697 2202 1753 bene
2243 1703 2580 1770 operentur,
2615 1698 2805 1754 lucem
2830 1705 3062 1768 amant;
3101 1701 3215 1755 nisi
3247 1702 3440 1756 forsan
3473 1701 3711 1768 Christi,

2054 1785 2151 1856 qui
2176 1785 2374 1841 lumen
2391 1787 2732 1843 indeficiens
2756 1789 3143 1857 est,alumnos
3165 1807 3231 1845 ea
3252 1807 3387 1845 voce
3404 1791 3714 1862 designare

1979 1881 2027 1946 Β
2057 1875 2327 1932 voluerit.
2353 1876 2482 1931 Haec
2505 1894 2609 1931 nos
2633 1881 2850 1947 tamen,
2887 1879 3036 1948 quod
3063 1878 3378 1950 aliquando
3398 1897 3577 1951 quam
3606 1897 3712 1952 par

2059 1970 2184 2022 erat
2205 1965 2452 2022 otiosius
2483 1968 2775 2037 persecuti
2809 1967 3018 2035 simus,
3037 1968 3289 2024 eximius
3314 1975 3565 2039 nostras,
3593 1969 3721 2023 cui-

2059 2072 2172 2127 que
2195 2055 2514 2127 plurimum
2543 2055 2826 2128 Hispania
2849 2057 3040 2125 debet,
3067 2057 3252 2113 .‘Elius
3274 2059 3561 2113 Antonius
3594 2058 3712 2116 Ne-

2062 2144 2380 2200 brissensis
2403 2145 2464 2199 in
2489 2161 2668 2200 causa
2699 2145 2828 2201 fuit.
2870 2146 2923 2201 Is
2945 2146 3103 2202 enim
3129 2148 3198 2202 ad
3228 2148 3383 2203 hunc
3415 2147 3716 2203 Prudentii

2057 2235 2277 2300 locum,
2301 2236 2576 2302 alumnos,
2600 2237 2740 2291 cives
2754 2237 2822 2307 (ε)
2839 2235 3283 2307 interpretatur:
3314 2255 3488 2309 quem
3513 2254 3716 2293 recen-

2060 2323 2172 2379 tior
2197 2324 2348 2379 alius
2370 2325 2636 2394 ejusdem
2664 2333 2841 2396 poetae
2868 2325 3194 2381 illustrator
3217 2327 3316 2397 (ά),
3344 2329 3486 2382 dum
3521 2344 3622 2398 pro
3651 2343 3720 2382 ea

2059 2430 2196 2468 voce
2229 2414 2457 2484 reponit
2490 2414 2798 2483 populares,
2833 2419 3069 2469 secutus
3101 2415 3285 2470 fuisse
3318 2416 3565 2482 videtur;
3590 2433 3718 2470 am-

2062 2502 2134 2556 bo
2167 2508 2362 2557 tamen
2397 2502 2508 2557 nisi
2541 2502 2874 2573 largissime
2919 2508 2975 2558 et
3026 2503 3196 2575 plane
3242 2502 3457 2577 ἀκύρως
3491 2510 3718 2560 utrum-

2063 2609 2174 2664 que
2206 2592 2262 2646 id
2314 2592 2545 2647 verbum
2602 2591 2875 2664 usurpari
2921 2593 3118 2662 velint,
3170 2593 3401 2666 egregie
3446 2595 3719 2666 deceptos

2062 2681 2245 2736 fuisse
2278 2681 2551 2736 arbitror.
2585 2682 2691 2736 Sed
2717 2683 3023 2737 redeamus
3055 2683 3126 2736 ad
3161 2684 3417 2754 propria.

2129 2773 2182 2826 5.
2218 2770 2410 2842 Pergit
2469 2787 2640 2842 porro
2700 2776 2869 2842 poeta
2900 2776 3117 2841 noster,
3153 2777 3210 2826 et
3241 2777 3373 2843 post
3423 2771 3716 2828 Laurentii

2059 2861 2384 2933 passionem
2419 2860 2726 2933 crurisque
2748 2861 3049 2916 victoriam
3072 2877 3173 2934 per
3193 2862 3389 2933 ipsum
3416 2863 3713 2934 adeptam,

2058 2949 2420 3006 sanctissimi
2474 2949 2658 3005 levitas
2709 2950 2954 3020 gloriam
3004 2951 3174 3020 quasi
3219 2956 3382 3007 extra
3413 2968 3474 3007 se
3503 2956 3710 3024 raptus

2059 3039 2507 3112 contemplatur,
2543 3039 2820 3110 inquiens
2851 3043 2923 3110 (e)
2959 3056 2970 3094 :

2461 3145 2564 3203 Sic,
2597 3150 2779 3195 sancte
2812 3148 3074 3205 Laurenti,
3108 3152 3256 3197 tuam

2468 3210 2574 3272 Nos
2604 3210 3260 3272 passionemrquzerimus;

2465 3271 2556 3319 Est
2587 3273 2710 3321 aula
2745 3285 2869 3320 nam
2905 3271 3101 3334 duplex
3132 3274 3228 3321 tibi

2469 3335 2563 3383 Hic
2594 3335 2852 3398 corporis,
2883 3336 3079 3384 mentis
3109 3336 3234 3398 polo

2464 3423 2575 3472 Illic
2610 3423 2960 3472 inenarrabili

2464 3486 2704 3534 Allectus
2732 3486 2854 3535 Urbi
2888 3486 3184 3548 municeps,

2461 3549 2690 3598 )Eternaa
2722 3551 2776 3596 in
2807 3563 2926 3597 arce
2949 3550 3111 3597 curim

2463 3614 2648 3660 Gestas
2679 3626 2931 3660 coronam
2978 3614 3218 3660 civicam.

2462 3699 2656 3746 Videor
2685 3698 2867 3746 videre
2900 3697 3196 3747 illustribus

2463 3762 2679 3808 Gemnis
2710 3765 3078 3809 coruscantem
3109 3763 3302 3818 virum,

2463 3826 2631 3881 Quem
2663 3825 2836 3871 Roma
2864 3824 3094 3872 coelestia
3124 3825 3225 3871 sibi

2461 3887 2610 3949 Legit
2639 3899 2931 3949 perennem
2963 3887 3258 3935 consulem.

2059 3985 2183 4040 Non
2203 3984 2472 4055 equidem
2492 3985 2722 4053 ambigo
2738 3985 2808 4040 de
2827 3983 3350 4040 cmlestiLaurentii
3365 3987 3721 4056 municipatu

2059 4075 2441 4129 Prudentium
2480 4073 2573 4128 hic
2605 4073 2801 4145 loqui;
2835 4075 3152 4146 forsanque
3176 4075 3246 4128 ad
3270 4073 3415 4128 illud
3443 4073 3604 4128 Pauli
3628 4077 3718 4145 (Γ),

2058 4163 2396 4219 conversatio
2407 4172 2598 4217 nostra
2612 4165 2670 4216 in
2694 4163 2840 4217 cmlis
2856 4168 3065 4234 est,pro
3087 4180 3201 4233 quo
3216 4167 3381 4218 vetus
3406 4163 3694 4236 interpres
3709 4225 3721 4246 ν

2061 4253 2302 4308 minime
2335 4257 2698 4324 repugnante
2729 4253 2925 4307 Graeco
2948 4251 3264 4322 exemplari
3292 4253 3368 4324 (g)
3398 4251 3713 4325 municipa-

2061 4348 2146 4398 tus
2173 4343 2250 4412 (h)
2279 4347 2466 4396 noster
2495 4342 2684 4405 vertit,
2720 4342 3079 4413 respexisse;
3137 4358 3338 4398 verum
3372 4345 3554 4412 istud,
3589 4346 3718 4417 opi-

2059 4450 2185 4501 nor,
2220 4435 2398 4502 poetas
2432 4432 2489 4486 in
2519 4447 2584 4486 eo
2616 4436 2810 4486 tractu
2870 4431 3239 4503 propositum
3291 4433 3424 4498 fuit,
3477 4431 3720 4488 levitam

2069 4576 2334 4644 versatio,
2365 4593 2496 4647 quae
2520 4593 2660 4632 sane
2681 4594 2788 4632 vox
2813 4576 3346 4648 congruentissima
3366 4582 3455 4632 est
3485 4595 3587 4634 nec
3609 4597 3732 4634 mu-

2069 4653 2385 4721 nicipatum
2401 4648 2677 4703 excludit.
2709 4651 2759 4703 Is
2784 4650 2936 4704 enim
2961 4651 3090 4719 ejus
3113 4649 3221 4704 loci
3246 4666 3457 4704 sensus
3484 4656 3572 4705 est
3600 4670 3613 4708 :
3638 4653 3732 4707 Sic

2073 4721 2311 4780 vivimus
2331 4722 2490 4792 quasi
2511 4723 2571 4774 in
2601 4722 2730 4776 creto
2753 4731 3032 4776 versantes
3065 4740 3075 4776 :
3111 4737 3274 4792 eoque
3299 4722 3526 4776 tendunt
3546 4726 3732 4778 actio-

2085 4811 2182 4849 nes
2211 4798 2435 4858 nostrae,
2465 4793 2560 4846 ubi
2590 4795 2858 4859 iustorum
2889 4795 3182 4848 retributio
3212 4793 3430 4848 demum
3460 4795 3570 4847 erit
3585 4811 3605 4854 ;
3637 4812 3731 4848 cu-

2079 4868 2176 4938 jus
2207 4874 2265 4938 et
2297 4881 2392 4918 nos
2415 4865 2707 4938 participes
2735 4869 2854 4936 fore
2875 4881 3178 4938 speramus.
3204 4865 3308 4938 .lus
3341 4867 3527 4935 itaque
3547 4867 3736 4920 civita-

2091 4939 2188 5005 tis,
2214 4937 2269 4992 id
2293 4936 2848 5007 est,municipatum,
2875 4939 2933 4992 in
2956 4938 3104 4991 cadis
3126 4937 3538 4990 habemus.Huc
3559 4939 3739 4993 etiam

2093 5011 2415 5080 respexisse
2437 5009 2716 5064 Erasmus
2729 5009 2999 5072 videtur,i
3012 5014 3066 5061 ta
3081 5007 3236 5061 hunc
3251 5007 3442 5080 locum
3459 5010 3739 5080 interpre-

2095 5079 2244 5136 tatus
2271 5097 2282 5135 :
2310 5085 2370 5134 ut
2389 5081 2694 5147 municipes
2733 5082 2995 5135 caelorum
3027 5095 3126 5134 nos
3146 5079 3407 5150 gerimus.
3433 5080 3567 5143 Quae
3599 5079 3742 5136 sane

2093 5153 2519 5221 interpretatio,
2552 5158 2740 5208 vetere
2764 5153 2878 5208 alia
2899 5153 2968 5206 de
3000 5167 3118 5222 qua
3147 5150 3392 5204 inferius
3413 5151 3743 5222 loquemur,

2095 5224 2337 5280 mirifice
2366 5223 2638 5288 fulcitur;
2666 5241 2769 5279 nec
2804 5242 2914 5279 non
2949 5240 3016 5277 ex
3048 5239 3158 5276 usu
3207 5223 3413 5277 Graecae
3461 5223 3747 5294 phraseos

2095 5294 2497 5365 πολιτεύματος
2531 5295 2776 5368 μετέχειν
2803 5297 2955 5367 apud
2980 5295 3274 5368 Plutarch.
3300 5297 3590 5366 qumjuris
3608 5296 3746 5352 civi-

2095 5370 2234 5424 tatis
2263 5365 2699 5440 participcrnlid‘
2717 5373 2823 5436 est,
2841 5365 3182 5440 municipem
3205 5365 3746 5440 esse,congruentis-

391 5382 410 5428 ς
465 5382 480 5435 )
530 5382 716 5436 ὐμων
916 5382 977 5417 το
1027 5382 1338 5435 ποΛιτευμσ.
1380 5383 1430 5416 εν
1462 5382 1712 5437 ουρανοις
1749 5382 1980 5436 υπαιρχει

306 5382 570 5517 (Φιῖιτςπ
585 5437 656 5510 γ’)
675 5436 843 5517 V_alet
875 5437 1168 5517 siquidem
1190 5435 1254 5517 ςεὸ
1287 5432 1985 5517 πολίτξυμίαδῑειιιῐιιιῃίίςῐη

311 5504 803 5579 ἁοῖτεθίτηὲήβίνθ
819 5504 1228 5564 administratio
1243 5508 1488 5577 reip.aut
1508 5504 1766 5570 civitatis,
1778 5524 1808 5560 a
1826 5504 1986 5558 noxi—

318 5577 495 5649 τεύυί,
529 5597 628 5636 seu
654 5579 1043 5652 πολιτεύομαι,
1077 5581 1232 5652 quod
1290 5585 1376 5634 est
1429 5595 1582 5647 rego,
1631 5579 1984 5652 administro,

318 5666 506 5723 remp.
537 5655 804 5724 guberna,
842 5651 952 5709 etc.
989 5651 1174 5720 Quam
1208 5652 1280 5706 ob
1313 5667 1552 5705 causam
1586 5667 1860 5724 summus
1894 5651 1989 5724 ille

315 5721 1420 5781 nostrasBededictusAriasMontanus
1442 5721 1991 5778 reddidit:adminis-

313 5797 498 5853 tratio
512 5797 821 5854 nostra.Vu
835 5795 1032 5870 lgatus
1047 5802 1247 5854 tamen
1269 5795 1559 5868 interpres
1582 5795 1842 5867 pri-ntulit
1860 5809 1990 5850 con-

649 5914 922 5976 ΡΑτιιοι..
970 5915 1241 5979 LXXIV.

2097 5437 2552 5497 simc'redditur.
2585 5439 2651 5493 V.
2687 5441 2859 5495 Henr.
2892 5439 3094 5508 Steph.
3130 5440 3184 5492 in
3219 5437 3556 5511 Πολίτευμα.

2172 5512 2247 5580 (h)
2276 5513 2380 5566 Sed
2404 5516 2460 5565 tu
2490 5513 2819 5582 peregrinus
2837 5527 2890 5584 es
2912 5511 3109 5584 mundi
3131 5511 3318 5574 huius.
3341 5511 3476 5567 civis
3498 5527 3753 5584 superam

2102 5585 2470 5640 Hierusalem.
2498 5585 2685 5638 Noster
2705 5583 2920 5656 (inquit
2945 5582 3161 5637 Paulus
3192 5582 3754 5656 Philipp.m)muni—

2101 5658 2314 5727 cipatus
2346 5658 2406 5710 in
2436 5657 2604 5710 etatis.
2639 5655 3023 5727 Tertullianq
3049 5656 3118 5709 de
3151 5655 3370 5710 Corona
3405 5658 3597 5716 Milit..
3632 5673 3756 5724 cap.

2105 5726 2329 5799 3'apud
2366 5727 2447 5782 Cl.
2481 5726 2766 5783 Dominic.
2804 5727 3144 5799 Georgium,
3180 5728 3238 5782 in
3271 5728 3647 5785 Testimoniis
3693 5730 3764 5782 de

2107 5801 2321 5856 Adone.

3351 5921 3428 5979 20
