4156 6328
455 403 565 457 619

1297 392 1644 445 ΑΒΟΕΝΒΔ
1682 391 1777 441 AD
1816 383 2161 452 QUOSDAM
2196 379 2738 435 PRECEDENTES
2772 377 3029 433 TOMOS.

3763 374 3879 431 620

454 524 906 583 sanctissimum
941 519 1237 576 terrestris
1266 516 1616 589 jampridem
1640 514 1838 570 Romae
1861 510 2111 567 munici-
2140 509 2196 575 Α
2228 504 2412 560 britas
2470 502 2811 574 posterioris
2859 506 3056 557 autem
3105 498 3378 572 martyris
3432 496 3655 554 exuvias
3704 499 3880 571 ipsis,

456 631 613 687 pem,
636 617 767 685 post
798 608 1293 680 gloriosissimum
1344 606 1532 677 ipsius
1573 607 1869 659 certamen
1899 606 1956 655 et
1981 597 2107 671 pal-

459 720 639 771 mam,
671 703 822 756 inter
852 697 1104 754 cmlestis
1128 698 1316 752 Romae
1344 694 1673 765 municipes
1691 691 1987 757 allectum,
2006 704 2103 759 pe-

457 792 743 862 reonique
788 790 969 843 beata:
1003 786 1164 840 illius
1191 784 1356 841 Urbis
1403 781 1713 839 consulatu
1764 782 2105 835 decoratum

457 883 641 938 fuisse
667 898 680 937 :
706 878 1131 951 quasidiceret,
1158 874 1451 929 Laurentii
1489 871 1818 943 passionem
1848 870 2043 940 ipsum
2075 881 2105 921 θ

458 968 771 1042 temporali
812 968 883 1022 ad
936 970 1218 1021 aeternum
1253 962 1683 1032 municipatum
1717 956 2102 1014 transtulisse.

528 1065 649 1115 Hoc
674 1074 780 1112 nos
804 1072 876 1111 ne
894 1055 1134 1110 omnino
1169 1053 1500 1107 divinantes
1537 1049 1756 1105 dixisse
1782 1048 2102 1113 videamur,

458 1146 886 1206 consideranda
906 1146 1162 1215 primum
1190 1148 1280 1197 est
1319 1141 1644 1211 proprietas
1669 1139 1824 1194 vocis
1853 1137 2106 1203 allectus,

458 1256 583 1311 quae
599 1254 666 1293 ex
679 1235 792 1291 alio
808 1234 878 1290 ad
897 1233 1081 1288 alium
1099 1231 1365 1285 ordinem
1388 1229 1703 1284 transitum
1720 1229 2017 1295 importat,
2042 1227 2108 1278 ut

457 1334 513 1384 et
526 1327 787 1383 inGraaco
802 1315 1623 1393 sermonenpocmrstleypévog
1640 1316 1751 1388 ipsi
1769 1330 2106 1385 correspon-

455 1419 601 1472 dens
623 1433 638 1482 ;
664 1420 790 1470 tum
824 1428 957 1468 vero
985 1410 1238 1465 maxime
1261 1408 1532 1479 apodosis
1564 1405 1773 1478 prioris
1796 1402 2064 1475 strophes
2088 1416 2100 1457 ε

671 1549 764 1597 Est
792 1547 916 1596 aula
956 1559 1081 1594 nam
1130 1544 1330 1606 duplex
1362 1540 1459 1591 tibi
1494 1548 1544 1599 (ο
1580 1539 1885 1598 Laurenti!)

678 1612 773 1660 Hic
798 1610 1055 1672 corporis,
1082 1607 1277 1655 mentis
1306 1606 1448 1667 polo.

454 1737 820 1809 Quibus,nisi
839 1735 1214 1791 vehementer
1235 1748 1339 1803 ego
1366 1730 1551 1797 fallor,
1572 1727 1785 1801 duplex
1806 1724 2103 1781 Laurentii

452 1828 637 1887 nostri
653 1825 1057 1898 patria,gemin
1068 1838 1280 1892 umque
1297 1821 1480 1891 ipsius
1494 1817 1930 1887 municipaleius
1944 1831 2105 1887 aper-

451 1889 685 1975 tissime
701 1889 1215 1970 contineturSunt
1237 1889 1393 1964 enim
1421 1910 1536 1963 fere
1564 1908 1633 1961 ad
1648 1906 1903 1960 litteram
1922 1904 2105 1958 aPru-
2137 1889 2183 1955 Β

454 2007 653 2063 dentio
676 2022 744 2060 ex
767 2004 1039 2059 Cicerone
1066 2003 1359 2068 mutuata,
1385 1998 1483 2068 qui
1512 1998 1581 2050 de
1605 1996 1679 2049 M.
1710 1994 1911 2048 Porcio
1938 1994 2105 2048 Cato-

456 2113 527 2152 ne
547 2093 786 2151 Tusculi
810 2095 946 2147 nato
973 2090 1221 2160 loquens
1241 2087 1355 2159 (a):
1386 2089 1501 2155 Ego
1522 2084 1844 2139 mehercule
1864 2082 2101 2153 (inquit)

456 2195 507 2242 et
528 2183 626 2240 illi
646 2187 697 2239 et
716 2181 971 2238 omnibus
988 2177 1363 2248 municipibus
1376 2177 1513 2230 duas
1536 2191 1646 2229 esse
1667 2188 1856 2228 censeo
1865 2172 2101 2243 patrias,

459 2290 630 2331 uuam
649 2276 890 2337 naturas,
911 2270 1151 2323 alteram
1171 2266 1428 2321 civitatis.
1462 2266 1647 2330 Quam
1670 2261 2019 2317 sententiam
2055 2260 2104 2315 si

459 2380 589 2420 cum
616 2356 1122 2417 Prudentiiverbis
1147 2373 1159 2410 :
1183 2354 1434 2410 Allectus
1457 2352 2105 2422 Urbimuniceps,etcum

458 2453 577 2508 illis
610 2456 718 2508 :est
768 2448 908 2505 aula
946 2464 1077 2502 nam
1116 2444 1337 2517 duplex
1359 2442 1484 2513 tibi,
1519 2442 1781 2498 conferre
1806 2439 2103 2509 volumus,

460 2541 704 2597 miriﬁce
728 2539 937 2595 iisdem
964 2539 1406 2608 congruentem,
1430 2533 1549 2586 imo
1576 2532 1779 2587 eadem
1795 2547 1922 2585 esse
1945 2545 2102 2583 com-

458 2629 913 2704 periemus.Non
927 2626 1071 2681 dixit
1088 2628 1281 2680 autem
1296 2621 1652 2677 Prudentius
1668 2618 1881 2691 duplex
1895 2617 2100 2688 patria,

454 2721 595 2791 quia
617 2716 997 2790 posteriorem
1020 2729 1241 2780 vocem,
1281 2729 1348 2767 ea
1385 2709 1709 2781 praesertim
1742 2707 1899 2772 sede,
1933 2705 2103 2761 metri

448 2810 595 2865 ratio
627 2806 960 2878 respuebat,
983 2820 1084 2875 pro
1118 2818 1234 2873 qua
1259 2801 1443 2855 aulam
1469 2798 1799 2853 substituit.
1836 2796 1966 2851 Haec
2000 2813 2101 2850 au-

446 2902 567 2954 tem
590 2897 640 2953 si
660 2912 796 2950 vera
817 2909 948 2948 esse
977 2891 1275 2956 volumus,
1297 2894 1363 2943 ut
1387 2892 1539 2943 certe
1558 2884 1917 2942 verosimilia
1940 2890 2097 2953 sunt,

444 2988 734 3042 habemus
768 2981 1144 3038 Laurentium
1185 2996 1255 3034 ex
1296 2983 1489 3031 mente
1518 2974 1818 3030 Prudentii
1861 2974 2098 3029 munici-

440 3093 594 3147 pem,
627 3078 803 3145 atque
836 3072 978 3126 adeo
1006 3068 1202 3138 patria
1233 3069 1537 3121 Romanum
1567 3082 1684 3119 non
1720 3063 1917 3119 fuisse.

519 3164 622 3219 His
666 3162 1063 3232 conjecturam
1108 3156 1283 3212 aliam
1317 3172 1385 3210 ex
1419 3157 1766 3226 argumento
1798 3151 1933 3206 libri
1973 3151 2097 3224 περὶ

2221 599 2286 650 ut
2318 596 2459 665 puto
2521 592 2613 664 (c),
2668 591 2966 647 Prudentii
3014 588 3378 661 temporibus
3435 604 3465 643 e
3521 588 3723 658 Siscia,
3773 590 3884 661 qui

2217 684 2455 739 Croatiae
2479 698 2664 753 pagus
2693 685 2780 736 est
2798 681 2893 752 ((l),
2920 684 3165 735 Romam
3186 677 3875 748 translatm,conjiciendi

2218 772 2627 828 occasionnem
2658 770 2935 842 praebent.
2970 769 3110 824 Cum
3145 784 3278 839 ergo
3312 783 3496 822 unum
3544 765 3689 822 illud
3733 785 3884 839 poe-

2218 880 2334 929 ma,
2366 862 2522 932 quod
2552 859 2845 915 Laurentii
2888 859 3223 931 passionem
3264 857 3546 927 continet,
3588 874 3704 928 pra:
3732 856 3871 913 aliis

2216 957 2503 1023 quotquot
2530 951 2588 1004 in
2621 967 2687 1005 eo
2720 949 2865 1003 libro
2900 953 3061 1018 sunt,
3093 948 3452 1002 Prudentius
3494 947 3551 1001 in
3584 947 3882 1018 Hispania

2216 1041 2501 1112 scriptum
2553 1038 3022 1095 luculentissime
3080 1041 3348 1103 testetur,
3384 1041 3448 1091 ut
3480 1035 3609 1091 loca
3641 1054 3759 1092 non
3796 1036 3883 1093 ita

2218 1131 2443 1201 pridem
2477 1147 2545 1185 ex
2575 1145 2641 1184 eo
2674 1128 2927 1183 adducta
2957 1125 3255 1182 declarant
3289 1142 3301 1179 :
3336 1142 3442 1181 cur
3473 1142 3584 1180 non
3631 1131 3689 1181 et
3730 1125 3879 1181 hinc

2217 1219 2542 1286 cliciamus,
2566 1216 2969 1285 Laurentium,
3006 1232 3122 1271 non
3156 1232 3326 1271 secus
3357 1218 3535 1286 atque
3567 1214 3667 1270 alii
3707 1232 3877 1270 mar-

2215 1314 2370 1380 tyres
2402 1324 2653 1378 quorum
2686 1306 2990 1378 passiones
3023 1305 3075 1360 is
3106 1309 3309 1361 auctor
3339 1304 3397 1358 in
3428 1304 3618 1375 patria
3638 1304 3888 1371 cecinit,

2215 1396 2501 1470 Hispania
2532 1397 2589 1451 in
2626 1396 2818 1451 media
2850 1399 3050 1451 natum
3084 1394 3308 1450 fuisse?

2286 1488 2415 1542 Hec
2448 1503 2587 1543 sane
2616 1486 2665 1540 si
2698 1486 2769 1541 ab
2803 1483 3153 1541 adversariis
3191 1501 3259 1539 ex
3288 1482 3594 1538 Prudentii
3625 1482 3878 1555 hymno,

2216 1581 2317 1632 aut
2348 1576 2585 1631 aliunde
2616 1592 2719 1646 pro
2746 1591 2949 1630 eorum
2983 1573 3259 1644 opinione
3289 1572 3486 1628 elicita
3518 1572 3685 1628 nobis
3716 1573 3875 1643 obji-

2215 1670 2505 1734 cerentur,
2550 1666 2636 1720 uti
2690 1663 2924 1736 singula
2972 1663 3151 1735 (quod
3202 1662 3456 1734 ingenue
3505 1661 3707 1735 fateor)
3749 1679 3877 1719 non

2215 1755 2411 1827 magni
2443 1756 2711 1825 facerem,
2744 1753 2825 1809 ita
2876 1752 2935 1807 in
2981 1753 3252 1808 eumdem
3303 1767 3547 1824 scopum
3599 1751 3770 1823 quasi
3802 1769 3881 1808 ex

2214 1845 2481 1901 condicto
2515 1843 2734 1899 directa
2767 1860 2881 1899 non
2914 1859 3158 1913 prorsus
3190 1839 3568 1913 despicienda
3586 1842 3869 1899 ducerem

2215 1934 2523 2000 universa;
2572 1933 2874 1988 rarissime
2924 1933 3076 1987 enim
3126 1931 3531 1987 hexachorden
3584 1931 3875 1988 citharam

2214 2024 2284 2077 ad
2319 2021 2635 2078 harmoniae
2662 2021 2819 2093 leges
2851 2022 3089 2076 fortuito
3132 2020 3506 2090 attemperari
3558 2021 3875 2092 contingit.

2214 2112 2330 2169 Nos
2365 2117 2587 2181 tamen,
2633 2110 3071 2182 qualiacunque
3123 2111 3363 2165 tandem
3394 2126 3457 2163 ea
3502 2108 3640 2178 sint,
3681 2110 3875 2181 requis

2214 2200 2530 2256 lectoribus
2588 2199 2985 2271 dijudicanda,
3055 2214 3308 2269 cumque
3384 2199 3869 2254 adversariorum

2215 2290 2571 2361 conjecturis
2603 2306 2671 2344 ex
2691 2290 2895 2344 eodem
2919 2288 3135 2360 hymno
3155 2287 3487 2359 desumptis
3510 2289 3870 2344 conferenda

2214 2380 2619 2451 proponimus;
2655 2379 2893 2433 minime
2915 2379 3292 2448 desperantes
3323 2382 3546 2444 tamen,
3571 2394 3639 2432 ex
3661 2378 3735 2433 iis
3769 2394 3873 2433 so-

2212 2468 2336 2523 lum
2370 2485 2495 2540 quae
2528 2467 2813 2523 hactenus
2842 2466 3094 2522 adducta
3124 2470 3266 2521 sunt
3296 2465 3522 2537 partius
3554 2466 3624 2521 de
3655 2471 3870 2521 caetero

2215 2557 2492 2629 Hispanis
2514 2555 2931 2627 objiciendum,
2958 2556 3112 2627 quod
3139 2573 3172 2610 a
3191 2555 3504 2611 Prudentio
3535 2571 3642 2611 suo
3670 2556 3726 2609 in
3756 2556 3874 2612 hac

2215 2645 2611 2701 controversia
2637 2645 3003 2701 deserantur.

2862 2733 3099 2789 CAPUT
3138 2734 3206 2790 V.

2210 2826 2546 2896 Argumenta
2593 2823 3041 2879 adversariorum
3087 2823 3284 2880 ordine
3332 2824 3757 2896 examinantur,
3804 2828 3873 2881 in

2280 2896 2476 2967 primis
2525 2912 2646 2951 vero
2682 2896 3157 2967 Blancliinianum
3186 2912 3256 2951 ea:
3286 2896 3640 2953 Orationario
3668 2897 3872 2955 Codice

2280 2966 2660 3040 antiquissimi
2690 2970 2830 3023 ritus
2860 2966 3070 3023 Gothici
3100 2968 3468 3039 desumptum.

2280 3058 2535 3112 Primum
2562 3057 2826 3112 omnium
2854 3056 2911 3111 in
2950 3073 3055 3112 nos
3095 3056 3454 3112 Blancbinus
3479 3062 3647 3129 urget
3691 3056 3872 3113 libel-

2208 3147 2329 3202 lum
2354 3145 2686 3201 orationum
2711 3146 3113 3217 antiquissimi
3136 3147 3287 3201 ritus
3333 3146 3560 3202 Gothici
3592 3163 3661 3202 ex
3688 3148 3863 3203 Vero-

451 3253 737 3329 Στεφάνων
767 3246 1308 3320 desumptam,licet
1338 3247 1499 3300 extra
1522 3242 2095 3313 ordinem,adjunge-
2129 3266 2170 3333 Ο
2210 3234 2699 3336 nensis‘Ec‘clesiaa
2725 3234 3198 3336 chartOphylacio
3232 3235 3303 3291 ab
3341 3238 3468 3307 ipso
3510 3241 3770 3305 erutum,
3806 3242 3871 3293 et

452 3360 512 3399 re
532 3340 775 3415 placuit.
809 3339 954 3393 Cum
990 3335 1148 3391 enim
1178 3349 1531 3406 principuam
1560 3332 1689 3402 ejus
1712 3329 1845 3385 libri
1870 3334 2096 3401 partem

448 3430 693 3503 Hispani
717 3430 1005 3498 martyres
1027 3423 1137 3493 (vel
1163 3422 1213 3478 si
1243 3422 1615 3477 Laurentium
1649 3422 1719 3475 de
1748 3435 1863 3490 quo
1906 3419 1979 3473 lis
2012 3423 2101 3474 est

448 3523 673 3577 interea
704 3514 1105 3587 seponamus),
1166 3510 1533 3566 llemeterius
1592 3514 1648 3564 et
1697 3507 2097 3573 Chelidonius,

447 3607 792 3665 Vincentius
820 3603 1012 3669 levita,
1036 3600 1353 3656 octodecim
1377 3598 1908 3669 Caesaraugustam,
1927 3597 2098 3651 Eula-

448 3700 527 3755 lia
558 3693 958 3759 Emeritensis,
1007 3692 1361 3746 Fructuosus
1392 3687 1866 3751 Tarraconensis,
1895 3687 2014 3741 imo
2045 3691 2101 3742 et

450 3786 775 3860 Cyprianus
817 3784 1016 3853 (quem
1060 3780 1195 3835 licet
1225 3780 1449 3843 Afrum,
1496 3794 1681 3831 amore
1709 3782 1896 3831 tamen
1932 3786 1981 3831 et
2009 3792 2101 3831 ore

454 3874 777 3945 Hispanum
801 3867 1552 3940 Prudentius(b)vocat)sibi
1570 3866 1900 3919 vindicent:
1920 3864 2102 3935 liquet

458 3962 681 4036 passim
714 3976 783 4015 ex
822 3959 1085 4028 ipsorum
1105 3955 1339 4027 hymnis
1360 3970 1458 4008 eos
1497 3954 1567 4008 ab
1590 3953 1897 4008 auctorein
1919 3954 2108 4024 patria

454 4050 814 4121 conscriptos
840 4048 1055 4112 fuisse;
1081 4042 1416 4099 eeontrario
1445 4058 1605 4107 vero,
1633 4058 1759 4112 quae
1783 4041 2007 4113 reliqua
2040 4043 2100 4097 in

455 4156 522 4193 eo
544 4138 689 4192 libre
712 4140 851 4191 sunt
884 4138 1207 4204 martyrum
1244 4148 1357 4185 non
1381 4130 1775 4201 Hispanorum
1810 4135 2097 4199 poemata.

453 4225 807 4283 Prudentius
823 4224 949 4295 ipse
961 4228 1122 4277 extra
1136 4220 1529 4293 patriam,imo
1547 4224 1603 4274 et
1619 4235 1721 4289 per
1735 4219 2098 4274 occasionem

457 4313 781 4384 composita
826 4312 1008 4365 fuisse
1056 4314 1341 4375 testatur;
1391 4308 1540 4362 Petri
1585 4308 1818 4378 quidem
1854 4312 1908 4362 et
1937 4307 2101 4363 Pauli

452 4400 851 4473 apostolorum
883 4405 1101 4464 Romae,
1134 4398 1275 4451 item
1302 4396 1599 4467 Hippolyti
1626 4413 1640 4464 ;
1672 4396 1935 4451 Cassiani
1968 4413 2100 4452 vero

447 4485 1041 4554 Foro-Cornelii,cum
1068 4500 1203 4537 casu
1232 4484 1362 4552 ejus
1384 4483 1675 4553 passionis
1699 4483 2009 4539 historiam
2030 4485 2100 4539 ab

450 4578 660 4633 aedituo
695 4574 1095 4630 inaudivisset.
1135 4573 1214 4627 De
1251 4573 1495 4643 Agnetis
1537 4578 1729 4627 autem
1764 4579 1819 4628 et
1848 4574 2097 4639 Quirini,

449 4667 549 4739 qui
574 4666 688 4720 duo
713 4667 1052 4736 supersunt,
1091 4661 1345 4733 hymnis,
1369 4660 1591 4715 incerta
1619 4677 1712 4715 res
1744 4668 1862 4729 est;
1899 4662 2093 4718 Romae
2127 4640 2175 4702 D

457 4772 630 4814 amen
672 4752 1035 4823 conscriptos
1069 4751 1253 4806 fuisse
1276 4750 1487 4820 prioris
1518 4749 1575 4803 in
1598 4748 1748 4805 Urbe
1774 4752 1902 4806 festi
1952 4752 2095 4811 cele-

541 4883 594 4954 a)
628 4882 751 4954 Lib.
788 4897 827 4934 ιι
861 4880 933 4934 de
961 4875 1468 4954 Legibusubinit.

541 4884 594 4954 a)
628 4884 751 4936 Lib.
788 4897 827 4934 ιι
861 4884 933 4934 de
961 4884 1162 4947 Logib.
1198 4884 1306 4930 sub
1340 4884 1468 4929 init.

519 4884 597 5027 lb)
630 4956 691 5009 In
727 4953 946 5024 hymno
980 4950 1048 5003 de
1077 4949 1133 5003 S.
1169 4946 1473 5019 Cypriane,
1510 4961 1656 5001 vers.
1694 4948 1815 5001 111.

851 5066 943 5114 Est
972 5063 1222 5126 proprius
1261 5061 1443 5123 patria}
1473 5064 1689 5122 martyr.

854 5127 954 5177 Sed
985 5139 1163 5175 amore
1195 5129 1247 5173 et
1277 5138 1367 5173 ore
1398 5128 1598 5172 uoster.

519 5240 591 5309 (ο)
622 5238 756 5291 Vid.
790 5236 999 5290 Baron.
1034 5232 1093 5286 in
1126 5230 1258 5286 Not.
1293 5230 1363 5284 ad
1397 5230 1693 5301 Martyrol.
1721 5231 1811 5285 die
1846 5231 2090 5299 ivJunii,

448 5310 534 5365 lit.
571 5310 631 5364 Β.

540 5381 592 5440 d)
624 5379 726 5434 His
758 5377 1121 5447 temporibus
1153 5373 1334 5440 Sisseg
1356 5372 1648 5447 indigenis
1670 5374 1995 5444 appellatus
2019 5376 2090 5430 ad

442 5446 674 5520 Colapis
705 5456 762 5504 et
793 5446 925 5504 Savi
957 5448 1337 5501 conﬂuentes.
1376 5446 1694 5499 BAUDRA‘ND.

515 5524 584 5594 (ε)
612 5524 749 5591 Pag.
785 5523 809 5573 1
846 5521 915 5574 ad
952 5521 1070 5572 136.
1164 5590 1175 5594 ἠ

511 5590 576 5665 (f)
611 5590 823 5646 Annot.
852 5608 962 5653 CVI,
988 5606 1126 5665 pag,
1160 5590 1285 5641 292,

606 5658 1461 5737 Qpanqqam‘q‘airaoqnensis,
1494 5675 1561 5710 an
1590 5658 1836 5737 alterius
1865 5678 1927 5713 (ιχ
1957 5662 2091 5715 Ηὶεο·

437 5730 929 5810 paniaaEcclesiis,
959 5732 1197 5785 libellus
1220 5730 1270 5810 is
1310 5731 1506 5810 luerit,
1531 5740 1731 5810 nostra
1759 5732 1904 5783 nihil
1940 5734 2087 5788 refe-

441 5802 533 5865 rat
560 5826 574 5873 ;
598 5808 954 5864 monendum
985 5810 1179 5859 tamen
1218 5803 1489 5856 lectorem
1527 5802 1803 5873 duximus
1826 5820 1946 5856 rem
1974 5822 2088 5861 non

443 5896 573 5939 esse
599 5894 787 5952 usque
810 5877 953 5939 adeo
976 5875 1357 5950 exploratam.
1372 5878 1519 5931 Sane
1541 5872 1666 5932 loca
1679 5874 1896 5945 quibus
1912 5876 2086 5936 Blan-

2208 3326 2361 3379 inter
2388 3323 2806 3395 Prolegomena
2838 3323 3242 3396 liturgicorum
3275 3341 3516 3394 operum
3546 3342 3677 3381 ven.
3732 3343 3864 3382 car—

2208 3412 2422 3469 dinalis
2453 3412 2696 3483 Josephi
2731 3413 2916 3467 Maria
2957 3414 3255 3468 Thomasii
3305 3413 3581 3471 Romanae
3648 3415 3867 3471 editio-

2210 3502 2338 3558 onis
2405 3519 2541 3556 ann.
2622 3502 2754 3555 1741
2805 3501 3051 3556 relatum
3101 3505 3196 3574 (θ).
3244 3502 3298 3557 Is
3348 3507 3543 3559 autem
3603 3505 3865 3576 libellus,

2210 3615 2383 3670 quem
2424 3597 2493 3652 ad
2544 3597 3087 3666 Tarraconensem,
3161 3599 3529 3669 cognominis
3577 3601 3638 3655 in
3707 3601 3867 3657 Cite-

2210 3689 2360 3743 riore
2410 3688 2693 3758 Hispania
2749 3688 3076 3760 provincia,
3127 3689 3446 3745 Ecclesiam
3505 3689 3644 3745 olim
3679 3692 3865 3762 perti-

2210 3779 2409 3833 nuisse
2441 3778 2760 3845 contendit,
2812 3779 3259 3849 reseeptissimas
3309 3779 3379 3833 de
3430 3779 3724 3834 Laurentii
3758 3798 3870 3852 pa-

2209 3868 2322 3920 tria
2352 3866 2651 3921 sententia;
2708 3866 2953 3921 mirifice
2996 3866 3285 3922 contraire
3336 3867 3407 3922 ab
3456 3868 3586 3939 ipso
3616 3868 3869 3926 dicitur.

2208 3956 2479 4010 Sistimus
2508 3956 2810 4010 Blancbini
2843 3956 3097 4028 verba(/)
3136 3974 3149 4014 :
3183 3980 3209 4007 (ι
3245 3959 3313 4011 At
3335 3958 3457 4028 ipse
3480 3956 3717 4014 libellus
3736 3959 3866 4014 vul-

2210 4044 2333 4115 gari
2366 4045 2777 4115 (Hispanorum)
2809 4045 3067 4115 opinioni
3105 4046 3452 4101 mirabiliter
3495 4047 3868 4103 adversatur.

2212 4134 2355 4191 Nam
2382 4134 2561 4188 sancti
2588 4134 2876 4189 Laurentii
2910 4136 3124 4189 festum
3148 4136 3323 4202 diem,
3367 4152 3648 4208 magnum
3687 4142 3871 4209 atque

2211 4222 2529 4278 solemnem
2582 4223 2920 4293 eaeterisque
2967 4228 3095 4294 post
3148 4224 3500 4294 apostolicos
3550 4224 3865 4293 gloriosio-

2212 4329 2355 4379 rem,
2388 4312 2578 4366 tribus
2610 4316 2838 4366 tantum
2890 4311 3253 4367 orationibus
3285 4316 3342 4367 et
3372 4312 3756 4381 completoria
3791 4316 3870 4369 ad

2213 4401 2570 4455 matitunum
2602 4401 2964 4455 concelebrat
2998 4418 3011 4456 :
3041 4404 3311 4472 quamvis
3343 4402 3498 4457 idem
3523 4400 3761 4457 libellus
3788 4402 3875 4458 of-

2212 4488 2343 4542 ﬁcia
2366 4487 2613 4543 aliorum
2639 4492 2976 4543 sanctorum
3015 4488 3113 4559 qui
3139 4505 3269 4543 vere
3304 4488 3546 4560 Hispani
3584 4493 3723 4542 sunt
3753 4506 3871 4545 nu-

2214 4578 2456 4632 merosis
2479 4576 2841 4632 orationibus
2870 4582 3128 4643 exornet,
3154 4583 3217 4631 ut
3238 4570 3433 4633 videre
3452 4577 3586 4631 licet
3616 4577 3677 4631 in
3703 4579 3873 4633 Indi-

2206 4684 2269 4721 ce
2291 4666 2569 4737 generali,
2594 4667 2693 4737 qui
2719 4666 2906 4721 eidem
2930 4665 3126 4722 libello
3148 4666 3417 4721 Ecclesiaa
3462 4668 3868 4723 Tarraconen-

2205 4755 2286 4810 sis
2320 4756 2410 4826 (g),
2446 4755 2553 4809 fuit
2612 4770 2845 4809 summo
2905 4756 3101 4809 studio
3161 4771 3419 4827 curaque
3451 4773 3483 4809 a
3513 4756 3685 4811 nobis
3718 4773 3863 4827 pre-

2205 4880 2415 4934 ehinus
2458 4880 2663 4935 conﬁci
2714 4895 2779 4933 ac
2816 4879 3205 4935 demonstrari
3238 4886 3407 4952 putat
3446 4883 3682 4951 (Annot.
3718 4899 3864 4951 xxxi,

2205 4969 2337 5022 pag.
2373 4953 2472 5006 167
2505 4952 2652 5021 seq.)
2686 4951 2757 5005 ad
2789 4951 3286 5010 Tarraconensem
3314 4952 3632 5009 Ecclesiam
3675 4954 3867 5023 perti—

2206 5025 2425 5088 nuisse,
2487 5024 2853 5078 subobscura
2886 5029 3056 5087 sunt;
3094 5030 3149 5079 et
3200 5025 3349 5081 alias
3381 5026 3440 5079 in
3477 5024 3866 5081 Orationibus

2204 5096 2274 5149 de
2304 5100 2359 5150 S.
2396 5096 2953 5176 Vincenti‘martny‘re
2985 5096 3193 5176 patria,
3226 5102 3629 5176 utgputamus,
3655 5094 3864 5176 passa-

2204 5172 2564 5238 raugustano
2624 5165 2777 5239 (Patr.
2836 5166 2925 5239 60,
2989 5165 3046 5220 in
3113 5168 3211 5222 fin.
3265 5165 3337 5222 et'
3365 5168 3478 5239 61),
3511 5167 3711 5239 estde
3741 5184 3863 5237 quo

2202 5236 2568 5292 vehementer
2626 5236 2881 5290 dubitari
2941 5238 3157 5307 possit,
3233 5255 3374 5293 num
3440 5236 3493 5293 is
3553 5238 3691 5293 olim
3751 5236 3861 5295 Co-

2203 5310 2311 5363 dex
2388 5311 2458 5362 ad
2535 5308 3121 5380 Caesaraugustanam
3177 5310 3489 5365 Ecclesiam
3558 5310 3863 5380 pertinue-

2202 5381 2277 5452 rit
2311 5398 2322 5434 :
2356 5397 2485 5434 nam
2514 5380 2570 5432 in
2602 5396 2668 5432 ea
2694 5395 2819 5448 quae
2850 5379 3094 5450 incipit:
3120 5381 3476 5452 Omnipotens
3506 5379 3690 5446 Pater,
3714 5388 3862 5448 etc.,

2202 5451 2417 5520 legitur
2476 5453 2756 5513 :Prcesla,
2810 5452 3056 5519 Domine,
3114 5451 3373 5523 placatus
3430 5458 3491 5507 ut
3543 5455 3871 5510 interventu

2199 5526 2388 5578 sedulo
2422 5524 2648 5595 hisdem
2681 5523 2809 5591 (sic)
2845 5540 3019 5591 nunc,
3050 5524 3119 5579 de
3152 5526 3366 5595 quibus
3418 5525 3545 5595 ipse
3597 5526 3868 5591 (Vincen-

2202 5597 2333 5661 tius)
2402 5594 2618 5665 electus
2704 5598 2795 5665 est
2855 5594 3181 5661 membris,’
3236 5594 3495 5651 adhibeat
3550 5597 3867 5665 fragilitati

2195 5668 2537 5739 potentiam,
2580 5663 2911 5739 ﬁumilitali
2967 5667 3245 5739 gloriam,
3302 5673 3413 5724 etc.
3474 5663 3621 5739 Item
3652 5663 3862 5739 paulo

2201 5738 2447 5791 inferius
2481 5738 2537 5791 in
2574 5736 2845 5791 Oratione
2879 5755 3004 5807 qua:
3034 5738 3243 5806 incipit
3277 5756 3289 5794 :
3327 5736 3864 5808 Omnipotens'Deus

2200 5810 2320 5887 qui
2352 5826 2716 5887 martyrem,
2751 5813 2871 5887 etc.
2916 5815 3086 5887 (Pag,
3146 5812 3239 5881 61)
3266 5855 3304 5887 ,__
3335 5811 3553 5867 mentio
3616 5810 3864 5869 videtur

2199 5878 2324 5938 ﬁeri
2358 5880 2604 5939 celebris
2633 5878 2794 5937 illius
2826 5880 2987 5942 stolm
3016 5878 3309 5942 Vincentii
3337 5899 3543 5944 cruore
3572 5897 3859 5957 aspersa,
