4186 6326
456 379 561 434 627

1297 381 1643 434 ADDENDA
1678 381 1776 433 AD
1813 377 2156 445 QUOSDAM
2193 377 2727 437 PBBCEDENTES
2760 382 3016 437 TOMOS.

3753 374 3863 430 628

465 519 652 573 neque
677 519 746 559 ex
778 502 868 558 his
896 502 1041 557 satis
1070 502 1332 557 validum
1366 503 1554 559 aetatis
1595 503 1873 559 Codicum
1934 519 2106 574 argu-
2136 500 2188 566 Α
2222 500 2615 561 devorandum
2648 514 2735 563 est
2764 506 3028 571 taedium,
3064 520 3179 560 non
3209 502 3270 557 iu
3326 517 3438 570 me,
3494 498 3660 572 quasi
3712 498 3867 554 ultro

470 598 735 649 mentum
769 591 1107 662 deducitur,
1143 610 1276 648 cum
1308 598 1364 649 et
1394 593 1451 647 in
1484 594 1819 649 recentibus
1852 593 2016 647 iibris
2045 591 2107 646 1i-

470 683 712 755 turgicis
735 683 991 753 antiquae
1026 681 1684 755 plerumqueOrationcs
1712 683 2107 749 retineantur;

474 780 530 830 et
552 773 698 829 alias
728 774 1154 840 Cennius,licet
1200 792 1265 829 ea
1311 775 1437 846 ipsa
1479 776 1673 830 Oratio
1730 775 1787 829 in
1820 773 2111 829 Breviario

474 863 857 932 Mozarabico,
888 868 1035 919 teste
1064 863 1384 919 Blancbino
1418 865 1490 935 (α)
1518 865 1860 936 reperiatur,
1886 864 1940 919 id
1975 864 2114 918 Bre—

471 953 719 1009 viarium
756 956 823 1010 ad
860 953 1139 1009 saeculum
1166 972 1199 1008 x
1225 954 1511 1025 pertinere
1543 954 1771 1010 censuit
1793 952 2115 1026 (b)Ampul-

473 1038 615 1096 laris
648 1046 925 1112 praeterea
957 1040 1183 1095 Codicis
1204 1040 1262 1095 in
1294 1040 1589 1112 plerisque
1618 1040 1763 1095 locis
1796 1040 1982 1113 stylus
2006 1042 2117 1094 Ca—

479 1130 670 1185 rolina
699 1130 1008 1186 minimum
1041 1136 1328 1203 tempora,
1360 1134 1533 1201 atque
1563 1136 1882 1187 extremam
1918 1146 2119 1202 praese-

483 1220 594 1275 fert
624 1221 954 1276 barbariem
988 1222 1079 1292 (c),
1130 1221 1363 1291 qualem
1414 1222 1701 1292 Hispania:
1761 1226 1995 1287 nostrae,
2055 1237 2123 1275 ex

482 1310 673 1365 Alvari
705 1311 1099 1366 Cordubensis
1131 1311 1231 1383 qui
1260 1328 1374 1365 non
1406 1310 1577 1382 longe
1600 1314 1670 1367 ab
1694 1329 1759 1367 eo
1783 1311 1992 1367 saeculo
2023 1315 2121 1365 ilo-

485 1399 602 1453 ruit
632 1400 973 1455 testimonio
1004 1400 1107 1471 (ἀ),
1142 1399 1402 1455 Maurica
1455 1400 1700 1456 vastatio
1732 1400 1952 1467 intulit;
1984 1400 2123 1468 imo,

487 1490 536 1545 si
570 1495 683 1544 Deo
744 1491 959 1560 placet,
1021 1490 1213 1560 ipsius
1274 1490 1450 1545 etiam
1512 1490 1780 1545 Mauricae
1836 1490 2128 1562 Hispanias

485 1578 827 1634 vastationis
863 1596 975 1633 non
1011 1579 1262 1634 obscura
1292 1580 1351 1634 in
1385 1596 1449 1633 eo
1483 1579 1689 1634 Codice
1728 1579 1971 1651 vestigia
2028 1579 2132 1634 ob-

488 1684 715 1722 servare
746 1684 1068 1738 possumus
1098 1672 1169 1737 (e)
1201 1669 1310 1723 Sed
1347 1667 1748 1724 intermissam
1787 1667 2136 1741 disputatio-

491 1774 624 1812 nem
656 1773 1046 1813 resumamus.

1146 1854 1375 1909 CAPUT
1405 1854 1499 1908 VI.

500 1943 909 2014 Expenduntur
936 1944 1059 1998 alia
1086 1960 1156 1999 ex
1184 1944 1563 1998 Laurentiano
1591 1944 1888 1999 Prudentii
1943 1945 2145 2015 hymno

712 2024 907 2072 contra
937 2017 1305 2087 Hispanorum
1332 2017 1664 2071 sententiam
1681 2016 1933 2072 deducta.

582 2113 916 2169 Secundum
936 2113 1241 2169 Blancbini
1273 2118 1692 2185 argumentum
1709 2116 1989 2170 adversus
2004 2127 2151 2168 rece-

506 2207 668 2274 ptam
701 2204 771 2259 de
803 2204 1096 2259 Laurentii
1126 2204 1313 2275 patria
1342 2202 1989 2274 sententiaminostratis
2011 2202 2153 2257 Pru-

509 2293 690 2347 dentii
723 2292 957 2348 silentio
991 2291 1380 2348 concluditur.
1404 2291 1838 2363 Magnitecerat,
1873 2294 1939 2345 ut
1966 2306 2155 2361 nuper

508 2380 784 2449 vidimus,
820 2380 979 2453 prior
1006 2379 1101 2434 ille
1128 2380 1378 2451 scriptor
1410 2380 1807 2450 conjecturam
1858 2395 2025 2434 suam
2085 2395 2155 2433 ex

506 2471 927 2527 Tarraconensi
955 2470 1295 2526 Orationum
1327 2469 1521 2525 libello
1567 2472 1965 2543 desumptam;
2018 2469 2152 2524 sub-

506 2561 595 2615 dit
625 2564 821 2616 antem
854 2560 1132 2616 continuo
1164 2560 1233 2629 (ﬂ
1264 2577 1281 2614 :
1326 2560 1429 2614 (.ui
1480 2568 1668 2615 tamen
1723 2563 1935 2619 accedit
1982 2581 2155 2635 argu-

505 2653 757 2703 mentum
786 2650 1025 2703 allerum
1053 2665 1123 2704 ea:
1143 2647 1447 2703 Prudentia
1465 2652 1795 2705 mutuatum.
1833 2652 1942 2706 Hic
1964 2667 2156 2722 nempe

507 2739 631 2793 silet
662 2739 847 2793 natale
876 2739 1055 2794 solum
1085 2738 1275 2805 magni
1304 2738 1611 2792 Laurentii.
1644 2738 1712 2792 Αι
1743 2738 1868 2793 siin
1892 2741 2156 2812 Hispania

507 2832 673 2883 natus
702 2836 845 2884 esset
871 2829 1038 2884 levita
1066 2828 1469 2893 sanctissimus,
1506 2828 1778 2899 Hispanus
1830 2840 1989 2900 poeta
2046 2846 2153 2886 non

508 2920 713 2973 sileret.
747 2918 813 2973 Id
837 2918 948 2989 ipsi
978 2918 1038 2970 in
1081 2932 1233 2970 more
1289 2931 1400 2970 non
1452 2914 1563 2985 [uit
1623 2915 1849 2987 hymnis
1907 2935 2038 2989 quos
2094 2920 2158 2975 de

509 3009 713 3063 sanctis
744 3007 1116 3063 nationalibus
1145 3005 1359 3060 cecinit.
1397 3003 1731 3061 Subsistere
1763 3006 1878 3073 hic,
1912 3023 2159 3081 seseque

511 3096 817 3152 tantillum
895 3094 1166 3166 colligere
1228 3092 1586 3149 Blancbinus
1642 3094 1889 3163 videtur,
1951 3096 2159 3153 deinde

511 3203 647 3243 vero
679 3186 849 3258 quasi
883 3186 1185 3241 subiratus
1209 3183 1431 3255 pergit:
1469 3186 1697 3252 Verum,
1722 3184 1854 3255 quid
1884 3186 2018 3241 aio?
2046 3203 2156 3243 non

512 3277 660 3331 silet.
688 3277 913 3331 Romam
944 3274 1013 3330 ad
1044 3274 1203 3328 cazlos
1231 3270 1432 3327 evehit.
1468 3272 1677 3327 Roman
1693 3282 1980 3344 parentem
1999 3275 2152 3333 dicit.

514 3365 761 3421 Obscura
786 3369 917 3419 sunt
947 3363 1174 3435 quidem
1206 3362 1323 3434 ejus
1352 3358 1688 3430 testimonia,
1720 3360 1812 3417 sed
1831 3362 1956 3432 jam
1994 3381 2025 3419 a
2055 3381 2160 3422 no—

515 3456 597 3510 bis
630 3455 883 3509 clariora
914 3455 1064 3522 ﬁent.
1101 3453 1392 3506 Hactenus
1423 3448 1823 3505 Blanchimus.

586 3544 705 3614 Ego
735 3559 870 3597 vero
921 3540 1138 3596 nollem
1174 3541 1245 3595 do
1279 3542 1387 3597 hoc
1447 3547 1793 3613 argumento
1846 3544 2157 3615 tectorum,

510 3630 801 3701 judicium
826 3633 1202 3699 antevertere,
1226 3636 1326 3685 aut
1344 3629 1671 3687 maledictis
1688 3646 1822 3685 cum
1840 3632 2159 3689 Blancbino

516 3721 831 3776 decertare.
867 3718 1228 3783 Quiatamen
1262 3719 1483 3790 prolixe
1518 3721 1660 3775 mihi
1694 3738 1825 3777 cum
1860 3739 1947 3789 eo,
1975 3723 2161 3793 deque

517 3814 695 3869 rebus
727 3810 893 3866 nihili
912 3811 1203 3881 agendum
1221 3812 1385 3882 est,si
1400 3813 1539 3883 quid
1556 3813 1751 3869 forsan
1768 3814 1941 3886 paulo
1954 3815 2160 3870 durius

519 3900 1274 3959 autinclementiusanobis
1298 3901 1521 3956 dictum
1554 3901 1735 3957 lector
1763 3903 2159 3975 deprehende-

518 3994 613 4062 rit,
648 4007 997 4062 responsum
1029 3990 1109 4059 id,
1140 4006 1354 4060 quzeso,
1390 4006 1505 4043 non
1566 3990 1785 4045 dictum
1848 3992 2157 4062 existimet;

519 4086 647 4137 tum
670 4098 803 4136 vero
835 4081 962 4150 ejus
994 4095 1121 4150 quae
1154 4079 1212 4133 in
1243 4077 1337 4134 his
1366 4077 1631 4151 legendis
1689 4080 2017 4135 necessario
2076 4081 2159 4136 fa-

519 4170 727 4225 cienda
752 4173 841 4224 est
870 4166 1006 4223 boni
1039 4166 1142 4223 otii
1165 4166 1433 4238 jacturse,
1481 4171 1582 4222 aut
1612 4167 1660 4223 si
1696 4169 1849 4238 quod
1881 4173 2163 4240 praeterea

589 4276 665 4345 (a)
710 4276 751 4329 E
783 4274 1016 4348 regione
1045 4274 1477 4348 ejusorationis
1510 4275 1568 4329 in
1590 4276 1877 4347 margine,
1904 4293 2036 4348 pag.
2067 4278 2159 4348 56,

518 4347 775 4418 legitur:
813 4345 1495 4418 Br._Moz.‘fol_._352,icol.
1534 4350 1581 4399 1.

590 4416 865 4490 (b)"l‘om.
905 4416 1648 4490 l_A_n_tiq._Eccl._7Hispan.,
1692 4434 1827 4489 pag.
1882 4421 1952 4473 28
2009 4436 2160 4490 seq.,

521 4485 954 4563 n._8:l0,rapu_d_
989 4485 1290 4563 Blancbin.
1327 4485 1846 4563 Orationarw'pag.
1882 4491 1985 4563 433
2038 4485 2157 4563 seq.

592 4559 853 4633 (c)_In_ter
882 4556 997 4633 alia
1026 4556 1376 4633 Orationem
1396 4559 1455 4613 S.
1490 4556 1821 4633 llippalytf
1847 4556 2161 4631 selegimus

520 4629 648 4703 quae
681 4630 931 4703 habetur
961 4629 1018 4682 in
1051 4629 1435 4703 Orationario.
1465 4629 1593 4700 pag.
1608 4629 1907 4687 ’13f.«Lux
1930 4629 2163 4703 angelo-

524 4699 653 4758 rum
688 4707 743 4757 et
774 4701 1103 4775 hominum,
1129 4699 1406 4770 splendor
1436 4699 1663 4756 diorum
1696 4709 1761 4775 et
1803 4699 2160 4775 temporum,

524 4776 743 4830 candor
772 4773 1104 4827 animarum
1156 4777 1213 4827 et
1265 4790 1596 4844 corporum,
1649 4774 1875 4829 Christe
1920 4773 2164 4833 Domine

522 4848 697 4917 Deus,
731 4847 803 4900 ob
836 4846 1216 4917 reverentiam
1249 4845 1332 4899 tui
1358 4844 1628 4917 martyris
1656 4846 1950 4917 Hippolyti
1998 4850 2164 4903 ﬂam-

525 4921 789 4973 micomaa
812 4916 1179 4971 claritudinis
1200 4933 1416 4971 munus
1435 4916 1968 4985 oblatum,lucifluo
1991 4938 2162 4975 sanc-

524 4993 564 5046 ti
599 4989 853 5059 Spiritus
880 5004 1225 5060 respergens
1252 4988 1503 5059 inlapsu.
1534 4990 1650 5044 tuis
1698 4991 1861 5045 effice
1921 4993 2163 5048 nutibus

525 5063 825 5133 placitum,
871 5061 1038 5116 nobis
1083 5061 1257 5133 redde
1308 5060 1701 5133 Aprodificum:
1740 5070 1799 5116 ut
1852 5066 1906 5117 et
1943 5064 2163 5118 visibili

521 5131 746 5205 fulgore
762 5134 1011 5203 nigroris
1032 5131 1319 5205 noctivagi
1342 5134 1503 5205 furva
1519 5139 1862 5198 coerceat,et
1883 5135 2166 5191 invisibili

523 5204 764 5260 munere
793 5204 1210 5259 maledulcium
1252 5204 1458 5259 scabra
1501 5207 1908 5276 peccaminum
1970 5212 2162 5262 errata

519 5281 844 5331 consumat.

592 5347 1326 5417 \dﬂniudiculoluminoso
1345 5349 1497 5417 apud
1526 5348 1844 5403 Florezium
1869 5354 2157 5417 nostrum,

519 5422 661 5472 tom.
696 5419 764 5472 ΧΙ
800 5419 955 5490 Disp.
987 5421 1187 5485 Sscrae,
1223 5436 1353 5490 pag.
1413 5419 1537 5472 274.
1576 5440 1598 5468 »
1660 5426 1863 5489 Legem
1926 5420 2160 5491 (inquit)

522 5505 688 5562 suam
724 5491 989 5544 nesciunt
1019 5491 1305 5561 (Hispani)
1340 5499 1389 5545 et
1421 5491 1685 5562 linguam
1722 5491 2016 5562 propriam
2044 5510 2160 5547 non

522 5561 832 5633 advertunt
867 5562 1048 5616 Latini
1074 5587 1087 5627 ;
1112 5563 1192 5617 ita
1217 5568 1279 5616 ut
1304 5563 1360 5617 in
1387 5568 1546 5616 omni
1568 5563 1779 5617 Christi
1805 5561 2045 5633 collegio
2067 5565 2163 5619 vix

521 5631 856 5706 inveniatur
887 5649 1039 5706 unus
1068 5633 1126 5706 in
1161 5633 1400 5706 milleno
1430 5633 1737 5706 hominum
1773 5631 2035 5706 numero,
2062 5637 2160 5706 qui

522 5704 898 5760 salutatorias
931 5703 1093 5757 fratri
1126 5704 1311 5774 possit
1340 5704 1763 5761 rationabiliter
1782 5705 2033 5777 dirigere
2063 5703 2162 5762 lit—

521 5786 696 5835 teras.
723 5798 747 5828 ι

597 5847 669 5921 (θ)
702 5846 767 5904 In
788 5844 945 5903 Orat.
980 5844 1051 5902 de
1079 5842 1399 5919 Stephano,
1429 5862 1561 5919 pag.
1588 5846 1677 5918 41,
1702 5847 1812 5906 sub
1862 5847 2035 5906 initur
2095 5853 2162 5906 ut

2194 4606 2243 4669 D

2217 588 2415 647 inania
2444 600 2813 651 consectatus
2844 595 3077 663 fuerim,
3110 594 3209 649 sed
3245 593 3302 647 in
3340 607 3475 646 eum
3534 608 3568 645 a
3625 606 3745 662 quo
3805 594 3874 645 ut

2219 680 2534 738 scriberem
2559 685 2806 740 adactus
2839 701 2971 740 sum
3005 682 3237 754 culpam
3271 679 3514 752 rejiciat.

2294 814 2553 877 Quatuor
2581 818 2778 889 itaque
2811 818 3077 873 thesibus
3111 815 3415 872 Blancbini
3445 816 3869 885 argumentum

2225 909 2468 974 constat,
2501 924 2628 977 quae
2646 909 2853 963 ordine
2878 925 2909 962 a
2933 906 3108 963 nobis
3160 905 3562 961 examinandae
3622 910 3787 958 sunt.
3828 904 3882 956 1.

2230 995 2608 1051 Prudentium
2643 996 2812 1051 silere
2845 996 3141 1051 Laurentii
3192 994 3465 1067 patriam.
3519 994 3575 1047 2.
3636 992 3888 1048 Minime

2228 1080 2389 1137 illam
2422 1084 2654 1140 silentio
2687 1085 3245 1157 praetereundam,si
3275 1083 3624 1139 Laurentius
3654 1081 3714 1135 in
3750 1082 3887 1136 His-

2231 1173 2406 1242 pania
2436 1182 2607 1229 natus
2640 1174 2869 1229 fuisset.
2902 1176 2953 1230 3.
2990 1175 3113 1229 Non
3141 1173 3320 1228 moris
3355 1172 3535 1228 fuisse
3570 1171 3890 1226 Prudentio

2232 1261 2293 1316 in
2324 1261 2559 1333 hymnis
2592 1280 2740 1334 quos
2771 1264 2841 1319 de
2868 1264 3090 1320 sanctis
3122 1262 3517 1318 nationalibus
3539 1260 3753 1317 cecinit
3799 1261 3893 1315 in-

2236 1350 2447 1405 diclam
2480 1368 2683 1408 eorum
2704 1353 2954 1423 patriam
2979 1351 3331 1423 relinquere.
3366 1353 3416 1406 4.
3444 1352 3648 1421 Neque
3669 1356 3894 1419 tamen,

2240 1440 2411 1495 modo
2444 1442 2576 1505 quis
2608 1442 2873 1497 animum
2908 1444 3189 1507 advertat,
3228 1441 3468 1497 omnino
3503 1439 3896 1495 Prudentium

2241 1529 2619 1585 dissimulare
2648 1531 2705 1585 in
2742 1531 2891 1586 Urbe
2920 1530 3144 1586 natales
3164 1530 3433 1585 hausisse
3463 1529 3701 1583 levitam
3728 1543 3902 1582 sanc-

2243 1617 2565 1683 tissimum,
2598 1620 3075 1691 quandoquidem
3111 1619 3360 1673 Romam
3407 1618 3475 1673 ad
3537 1618 3716 1673 cmlos
3773 1631 3904 1671 eve—

2245 1705 2353 1774 hit,
2390 1706 2634 1764 Romam
2668 1712 2969 1780 parentem
3002 1708 3172 1763 dicit.

2174 1876 2222 1941 B
2320 1844 2577 1899 Primam
2611 1844 2808 1916 itaque
2838 1844 3034 1901 thesin
3065 1845 3221 1916 quod
3246 1844 3475 1911 attinet,
3505 1860 3620 1900 non
3648 1843 3913 1898 diffiteor

2258 1935 2570 1991 Prudentio
2603 1936 2661 1991 in
2684 1951 2748 1991 eo
2765 1937 2837 1991 de
2850 1953 2965 2008 quo
2986 1935 3287 2007 loquimur
3306 1935 3547 2008 hymno,
3570 1952 3644 1991 ne
3664 1935 3915 1990 verbum

2259 2024 2499 2096 quidem
2531 2025 2821 2082 excidisse
2853 2042 2923 2081 ex
2952 2042 3065 2097 quo
3100 2030 3306 2081 natum
3331 2024 3517 2081 fuisse
3540 2024 3597 2079 in
3621 2024 3915 2096 Hispania

2262 2114 2640 2170 Laurentium
2660 2114 2747 2171 vel
2770 2115 3004 2171 eminus
3023 2114 3315 2185 conjicere
3337 2120 3437 2170 aut
3457 2114 3751 2186 suspicari
3776 2130 3914 2185 pos-

2261 2202 2471 2272 simus;
2504 2220 2706 2260 verum
2744 2221 2849 2260 nec
2881 2205 2931 2260 si
2965 2202 3525 2274 Blancbinus,paulo
3557 2219 3738 2275 quam
3772 2202 3919 2257 hac-

2262 2297 2435 2349 tenus
2466 2294 2770 2358 attentius,
2804 2296 3062 2350 auctoris
3095 2299 3220 2349 tum
3255 2294 3312 2348 in
3335 2310 3401 2349 eo
3434 2293 3671 2365 hymno,
3705 2296 3836 2347 tum
3863 2293 3925 2345 in

2264 2381 2536 2438 universo
2567 2381 2691 2455 περὶ
2725 2382 3009 2458 Στεφάνων
3037 2382 3185 2438 libro
3237 2396 3482 2454 scopum
3536 2381 3917 2436 considerare

2264 2471 2419 2538 velit,
2453 2470 2703 2527 inﬁciari
2734 2472 3045 2528 nobiscum
3078 2472 3310 2544 poterit,
3339 2470 3483 2526 nihil
3511 2471 3581 2525 ad
3607 2470 3919 2525 Prudentii

2268 2560 2327 2615 in
2362 2564 2614 2631 utroque
2645 2560 3010 2633 propositum
3033 2564 3331 2632 spectasse
3349 2564 3660 2616 tractatum
3681 2559 3753 2614 de
3770 2558 3921 2614 Lau-

2264 2650 2436 2707 rentii
2470 2650 2679 2722 patria.
2704 2668 2777 2706 ne
2798 2668 2899 2723 per
2921 2651 3285 2707 occasionem
3311 2650 3572 2722 quidem,
3596 2666 3731 2704 cum
3759 2648 3929 2705 nulla

2266 2740 2323 2795 in
2358 2755 2425 2795 eo
2456 2744 2722 2811 poemate
2745 2740 3039 2812 Hispaniae
3072 2746 3282 2795 nostra
3317 2740 3533 2794 mentio
3559 2739 3683 2807 fiat;
3722 2755 3752 2793 e
3782 2754 3924 2794 con-

2266 2826 2445 2884 trario
2480 2845 2608 2884 vero
2635 2846 2770 2884 cum
2808 2830 3053 2885 Romam
3088 2830 3146 2884 in
3179 2830 3307 2901 ipso
3347 2832 3507 2883 recta
3565 2827 3924 2883 Prudentius

2267 2918 2619 2990 alloquetur,
2651 2922 2929 2989 totusque
2941 2919 3018 2975 sit
3033 2919 3091 2973 in
3110 2919 3374 2989 ejusdem
3395 2916 3928 2989 religione,trium-

2268 3007 2425 3079 phis,
2460 3007 2731 3079 imperio,
2755 3007 3060 3080 sacrisque
3091 3013 3443 3079 martyrum,
3475 3006 3769 3077 praecipue
3791 3022 3924 3061 vero

2268 3096 2563 3152 Laurentii
2598 3097 2804 3163 nostri,
2830 3097 3207 3153 recensendis
3237 3094 3923 3166 exuviiszvideritquazso

2268 3183 2449 3240 lector
2479 3202 2703 3256 aequus,
2741 3202 2918 3255 quam
2976 3183 3332 3256 importune,
3383 3184 3431 3238 si
3491 3185 3687 3240 Romae
3745 3188 3923 3239 natus

2268 3275 2480 3329 fuisset
2508 3273 2681 3329 levita
2728 3273 3002 3346 inclytus,
3063 3275 3190 3344 ejus
3248 3274 3499 3345 patriam
3562 3273 3923 3328 Prudentius

2270 3363 2521 3436 poemati
2555 3379 2660 3418 suo
2692 3378 2796 3435 per
2818 3364 3185 3419 occasionem
3209 3364 3465 3419 inserere
3496 3362 3924 3434 potuisset,no-

2269 3470 2523 3526 vumque
2554 3452 2691 3509 inde
2719 3452 3025 3508 laudandae
3044 3453 3224 3511 Urbis
3250 3457 3663 3526 argumentum
3689 3469 3921 3524 capere,

2272 3542 2477 3599 saltem
2506 3559 2683 3611 quam
2717 3542 2930 3597 fuisset
2960 3542 3019 3596 in
3052 3541 3300 3607 lubrico,
3326 3547 3390 3597 ut
3420 3542 3784 3612 imprudenti
3823 3546 3924 3597 aut

2271 3632 2386 3687 alia
2399 3630 2679 3703 cogitanti
2693 3632 2929 3686 verbum
2952 3631 3363 3701 excidisset,ex
3375 3648 3489 3703 quo
3505 3631 3704 3686 Romae
3717 3636 3923 3687 natum

2274 3721 2652 3776 Laurentium
2685 3720 2916 3775 odorari
2949 3721 3278 3793 sagaciores
3303 3724 3564 3792 possent.
3588 3720 3691 3776 His
3724 3725 3928 3775 autem

2271 3810 2320 3866 si
2352 3810 2719 3880 conjecturas
2756 3809 3029 3865 addimus
3062 3826 3131 3865 ex
3161 3811 3360 3866 eodem
3398 3810 3612 3881 hymno
3636 3810 3871 3880 pridem
3897 3827 3931 3865 a

2272 3899 2440 3955 nobis
2456 3898 3429 3967 ductas,utLaurentiumRomanis
3450 3897 3932 3968 abjudicaremus

2272 4004 2637 4059 consequens
2668 3987 2766 4043 fiet
2794 3988 3095 4044 Prudentii
3148 3989 3219 4043 de
3277 3988 3562 4061 Hispania
3621 3988 3925 4043 silentium

2272 4079 2459 4150 ipsius
2493 4078 2788 4150 proposito
2820 4079 3711 4151 opportunum,atquellispanis
3756 4078 3926 4133 inno-

2271 4183 2472 4236 cuum;
2504 4168 2573 4223 de
2604 4173 2787 4223 Roma
2812 4183 2969 4234 vero,
3003 4168 3052 4223 si
3103 4168 3161 4223 in
3213 4185 3281 4224 ea
3341 4166 3689 4224 Laurentius
3751 4172 3926 4222 natus

2273 4275 2602 4331 munitione
2660 4274 2794 4330 fidei
2833 4275 3177 4330 Christianae
3236 4284 3291 4331 et
3348 4285 3577 4331 externa
3636 4274 3785 4329 bella
3832 4290 3924 4328 su-

2266 4356 2520 4417 perantes
2551 4354 2605 4401 et
2636 4345 2863 4419 intima,
2886 4352 3161 4419 mternﬁam
3187 4363 3518 4402 mereamur
3539 4346 3803 4419 pertrahi
3828 4346 3921 4413 ad,

2273 4434 2565 4473 coronam.
2604 4438 2625 4467 ι
2666 4417 2842 4473 Paulo
2900 4418 3147 4473 inferius
3206 4420 3275 4472 de
3334 4417 3551 4474 eodem
3596 4418 3923 4489 Stephano-

2272 4507 2405 4562 pag.
2443 4492 2504 4543 41
2530 4507 2541 4544 :
2583 4511 2603 4538 α
2645 4490 2705 4545 Ut
2736 4493 2899 4560 cujus
2920 4493 3126 4545 virtute
3154 4491 3448 4545 multitudo
3478 4489 3687 4545 devicta
3715 4495 3804 4544 est
3835 4491 3927 4543 in-

2271 4562 2520 4632 fidelium
2550 4562 2677 4630 ejus
2706 4562 2983 4631 suti‘ragio
3012 4564 3279 4616 ﬁrmetur
3310 4579 3445 4633 spes
3476 4567 3647 4616 aucta
3678 4562 3927 4616 creden-

2280 4636 2446 4688 tium.
2476 4656 2502 4681 »
2521 4633 2653 4695 Quae
2682 4648 2820 4687 sane
2836 4634 3114 4703 ambigua
3128 4632 3435 4689 sunt.1tem
3452 4632 3926 4688 interOrationes

2278 4709 2348 4760 dc
2377 4712 2432 4758 Η.
2459 4704 2758 4776 Vincentio
2795 4711 3070 4773 martyre,
3107 4721 3237 4776 pag.
3269 4706 3374 4760 60:
3415 4728 3434 4753 α
3489 4705 3738 4760 Domine
3772 4703 3926 4776 Deus

2277 4777 2379 4848 qui
2413 4775 2663 4849 salutem
2698 4776 2932 4849 regibus
2963 4775 3147 4849 donas
3177 4782 3235 4831 et
3266 4782 3577 4849 martyrem
3609 4775 3926 4849 tuumVin-

2278 4847 2534 4905 centium
2570 4848 2641 4900 de
2674 4847 3062 4917 malignorum
3090 4848 3284 4918 gladio
3316 4847 3599 4904 liberas...
3621 4848 3803 4902 libera
3831 4862 3927 4902 nos

2273 4922 2342 4975 (lc
2356 4936 2522 4973 manu
2544 4919 2787 4988 ﬁliorum
2802 4920 3135 4987 alienorum,
3159 4930 3217 4974 ut
3236 4920 3636 4975 insidiantibus
3676 4918 3928 4973 inimicis

2272 4992 2388 5046 vita
2418 4995 2603 5044 nostra
2634 5006 2741 5044 non
2798 4998 3007 5060 pateat;
3037 5008 3137 5044 nec
3167 4992 3393 5046 illorum
3425 4991 3725 5061 procacitas
3776 5006 3925 5045 sicca

2274 5066 2345 5118 de
2379 5064 2561 5116 ruina;
2590 5067 2789 5116 nostra?
2819 5062 3040 5116 casibus
3064 5063 3384 5121 hitarescat.
3413 5063 3505 5117 sed
3541 5062 3728 5132 gladio
3762 5063 3921 5116 verbi

2273 5136 2374 5189 (ἰαί
2400 5135 2634 5188 accincti
2662 5145 2722 5205 et
2743 5133 2832 5187 hic
2860 5133 3090 5205 adyersa
3109 5151 3429 5205 superemus
3448 5134 3734 5205 intrepidi,
3762 5156 3788 5181 υ
3808 5138 3923 5190 etc.

2276 5208 2414 5261 ltcm
2448 5207 2517 5260 de
2550 5205 2675 5259 eod.
2710 5204 2852 5277 ibid.
2881 5220 2892 5259 :
2928 5204 3081 5260 Deus
3115 5204 3211 5277 qni
3249 5206 3659 5261 beatissimum
3695 5211 3922 5276 marty-

2272 5294 2391 5357 rem
2420 5275 3151 5357 tuuniYincentium,plebi
3169 5288 3281 5357 tum
3301 5295 3523 5357 murum
3541 5293 3754 5357 aereum
3775 5291 3926 5357 prae:

2271 5351 2480 5413 stitisli,
2514 5356 2571 5401 ut
2606 5347 2871 5401 bellantes
2900 5354 3096 5403 contra
3121 5366 3175 5404 se
3201 5352 3545 5405 mirabiliter
3574 5347 3816 5403 nominis
3838 5348 3923 5401 tui

2271 5425 2471 5493 virtute
2503 5421 2838 5493 devinceret.
2879 5421 3174 5493 tDenique
3206 5423 3407 5476 eadem
3438 5422 3653 5493 pagina
3674 5421 3785 5493 sub
3818 5420 3922 5486 ﬂn,

2273 5502 2327 5548 et
2360 5492 2499 5563 init:
2522 5492 2843 5561 sequentis,
2877 5513 2903 5539 «
2941 5492 3322 5563 Omnipotens
3348 5492 3533 5563 Deus,
3558 5492 3657 5563 qui
3708 5492 3925 5547 beatis-

2272 5565 2421 5619 simo
2458 5562 2760 5635 Vincentio
2793 5562 3138 5633 praestitisti,
3171 5570 3236 5620 ut
3293 5580 3393 5635 per
3447 5570 3503 5620 te
3562 5562 3797 5620 ﬁeret...
3858 5564 3925 5618 de

2270 5636 2448 5689 milite
2467 5634 2603 5697 dare,
2636 5634 2700 5689 de
2731 5649 2887 5708 servo
2917 5636 3193 5708 amicus...
3238 5634 3447 5707 praesta
3503 5636 3792 5708 placatus,
3854 5640 3923 5689 ut

2272 5712 2580 5779 nterventu
2615 5703 2887 5760 sedulo...
2921 5705 3199 5762 adhibeat
3228 5703 3450 5763 militiae
3503 5703 3865 5779 disciplinam
3900 5722 3923 5762 :

2270 5778 2527 5836 servituti
2556 5778 2897 5843 libertatem,
2924 5799 2952 5827 »
2985 5786 3091 5835 etc.
3119 5783 3267 5836 Sunt
3294 5780 3565 5837 fortassis
3594 5778 3729 5836 alia.

2340 5850 2408 5924 (ﬂ
2432 5850 2647 5907 Annot.
2680 5863 2789 5921 ενι,
2821 5863 2954 5923 pag.
2986 5849 3115 5907 292.
