4156 6328
319 360 430 416 629

1270 355 1748 411 DISSERTA'I‘IO
1782 354 1878 408 DE
1917 350 2213 408 DAMASO
2249 356 2346 410 ET
2380 358 2812 418 LAURENTIO.

3635 359 3743 416 630

317 483 970 559 fuisse,quodammod0
998 482 1426 554 importunum.
1461 480 1669 538 saltem
1697 477 1980 535 Romanii!
2010 476 2061 543 A
2166 483 2393 541 Primus
2428 486 2692 543 omnium
2725 486 2945 544 sanctis
2964 485 3295 542 Hemeterio
3317 488 3374 541 et
3399 484 3740 542 Chelidonio

317 577 566 633 minime
593 574 918 645 proficuum
944 572 1081 626 fore.
1110 571 1216 625 iEx
1240 588 1350 625 usu
1383 570 1719 625 scholarum
1756 567 1973 623 dicere-

316 683 478 731 mus,
503 662 886 719 Prudentium
921 661 1075 731 quod
1103 661 1172 714 ad
1202 660 1539 730 Hispaniam
1565 658 1771 713 attinet
1803 672 1973 724 nega-

312 759 443 821 tive;
478 755 632 827 quod
668 754 737 808 ad
774 752 985 807 Urbem
1021 766 1153 804 vero
1206 754 1431 820 spectat
1488 748 1777 804 exclusive
1825 751 1977 801 Lau—

311 845 487 902 rentii
518 842 706 900 nostri
732 840 983 913 patriam
1019 838 1491 911 prietermisisse.

385 934 654 990 Secunda
671 928 973 985 Blanchini
1000 928 1186 983 thesis
1208 933 1320 983 est:
1342 928 1574 983 minime
1604 944 1638 982 α
1675 925 1974 981 Prudentia

312 1022 613 1079 Laurentii
641 1021 920 1092 patriam,
944 1020 995 1073 si
1017 1021 1075 1073 in
1098 1020 1373 1089 Hispania
1387 1022 1548 1073 natus
1589 1016 1782 1088 [uisset
1808 1015 1975 1071 levita

312 1115 728 1181 sanctissimus,
776 1110 1002 1166 silentio
1030 1108 1509 1181 praetereundam;
1574 1108 1743 1179 cujus
1776 1112 1972 1162 tamen

313 1204 464 1260 ratio
500 1203 639 1276 quia
663 1201 721 1256 in
748 1199 1015 1270 sequenti
1051 1200 1122 1254 ab
1143 1200 1346 1254 eodem
1370 1196 1971 1266 redditur,utriusque

311 1292 633 1349 falsitatem
656 1290 857 1346 eadem
874 1304 1047 1360 Opera
1066 1287 1313 1342 inferius
1336 1286 1971 1342 ostendemus.Interea

309 1387 533 1445 tamen,
567 1397 639 1436 ne
689 1378 822 1451 plus
856 1377 1025 1432 illum
1075 1376 1227 1432 scire
1258 1392 1436 1448 quam
1494 1376 1644 1431 scire
1703 1377 1969 1445 cportcat

310 1478 536 1526 temere
568 1484 926 1535 asseramus,
960 1466 1255 1538 rogandus
1289 1464 1647 1520 Blanchinus
1679 1467 1786 1519 est:
1822 1478 1963 1517 num

316 1560 745 1633 Egeriam,aut
764 1554 1048 1628 Sibyllina
1072 1554 1209 1610 folia
1240 1556 1310 1609 de
1334 1555 1439 1609 hac
1471 1569 1530 1609 re
1560 1551 1967 1608 consuluerit?

308 1650 531 1705 Verum
556 1646 917 1718 siipsi,quod
936 1642 1238 1699 Prudentii
1254 1660 1472 1698 morem
1494 1644 1563 1698 de
1584 1660 1697 1698 non
1719 1642 1965 1696 tacendo

313 1742 537 1805 nosset,
589 1750 848 1791 asserere
902 1733 1067 1788 licuit
1125 1750 1238 1788 non
1273 1733 1735 1805 praetereundam
1794 1732 1865 1786 ab
1898 1746 1964 1785 eo

2085 574 2440 645 martyribus
2466 578 2831 644 inscribitur,
2860 593 3007 648 quos
3038 576 3097 630 in
3121 576 3310 630 fronte
3348 574 3739 645 Calagurrita-

2081 676 2179 715 ποις
2213 663 2557 719 Prudentius
2586 672 2752 720 vocat
2779 666 2875 736 (ὁ),
2912 666 3118 736 bisque
3158 664 3217 719 in
3262 663 3479 733 hymno
3532 668 3738 719 terram

2083 751 2340 807 Hiberam
2371 758 2462 824 lc),
2491 754 2844 826 colonosque
2875 771 3003 825 quos
3034 756 3264 809 Hiberus
3315 753 3489 808 alluit
3549 753 3643 823 (d),
3677 754 3733 807 id

2081 844 2187 908 est,
2206 841 2528 913 Calagurim
2549 848 2605 898 et
2619 844 3079 915 Catagurrz'tanos
3096 844 3313 907 laudat;
3328 841 3625 912 multoque
3644 857 3735 895 ex-

2080 931 2341 999 pressius
2374 932 2432 987 in
2474 933 2691 1003 hymno
2725 934 2794 987 de
2848 933 3069 989 sanctis
3126 931 3483 1003 martyribus
3542 930 3729 985 Caesa-

2078 1022 2585 1092 raugustanis,ubi
2616 1024 2687 1078 de
2720 1023 2926 1078 iisdem
2958 1021 3284 1078 Hemeterio
3317 1025 3374 1075 et
3393 1018 3729 1076 Chelidonio

2078 1108 2348 1180 loquens,
2379 1111 2460 1166 ait
2491 1112 2593 1183 (e):

2387 1218 2577 1267 Nostra
2611 1218 2841 1280 gestabit
2868 1218 3181 1267 CALAGURRIS
3229 1217 3415 1266 ambos

2635 1280 2777 1339 Quos
2825 1296 3162 1335 veneramus.

2074 1378 2309 1433 Putavit
2341 1383 2557 1446 autem,
2594 1383 2658 1433 ut
2690 1380 2957 1449 conjicio,
3017 1378 3375 1435 Blanchinus
3430 1376 3523 1431 his
3580 1375 3724 1431 locis

2073 1468 2383 1539 utriusque
2407 1468 2565 1523 illius
2587 1469 2851 1541 martyris
2884 1469 3130 1540 patriam
3162 1485 3196 1523 a
3226 1466 3542 1522 Prudentio
3575 1465 3725 1521 desi-

2074 1558 2264 1627 gnari,
2290 1574 2422 1613 cum
2445 1566 2638 1613 tamen
2671 1559 2802 1625 istc,
2830 1556 3479 1629 nihiltalecogitans,ad
3499 1555 3722 1626 passio-

2072 1646 2187 1716 nis,
2220 1652 2277 1703 et
2307 1649 2557 1703 maxime
2588 1650 2657 1703 ad
2694 1649 2947 1719 sepulcri
2980 1649 3173 1703 locum
3228 1646 3601 1717 respexisset;
3662 1645 3720 1699 id

2073 1738 2227 1806 quod
2244 1738 2635 1809 eprmcedenti
2658 1738 2932 1805 disticho,
2951 1735 3480 1807 multoqueclarius
3493 1750 3559 1788 ex
3583 1750 3717 1805 pro-

310 1826 611 1882 Laurentii
647 1824 917 1897 patriam;
951 1839 1084 1878 cum
1116 1839 1147 1877 e
1176 1822 1465 1877 contrario
1498 1839 1631 1877 mox
1653 1821 1961 1877 ostenden-
1991 1845 2041 1912 Β
2072 1828 2197 1899 prio
2220 1834 2555 1884 sanctorum
2576 1835 2897 1901 martyrum
2919 1830 3134 1899 hymno
3165 1828 3367 1898 liquet,
3394 1826 3502 1881 sub
3548 1825 3717 1894 cujus

305 1918 451 1972 dum
468 1917 546 1972 sit
568 1915 809 1970 minime
841 1913 950 1967 hoc
970 1912 1022 1967 ei
1054 1912 1112 1966 in
1146 1928 1306 1967 more
1324 1912 1504 1966 fuisse
1534 1916 1599 1966 ut
1619 1914 1957 1966 sanctorum

302 2005 527 2077 patrias
540 2003 929 2075 eloqueretur:
948 2017 1051 2056 cur
1071 2016 1184 2055 non
1203 2000 1497 2056 afﬁrmare
1516 1999 1684 2055 nobis
1701 1999 1960 2053 vicissim

300 2095 481 2150 liceat
509 2091 821 2161 Laurentii,
850 2108 962 2145 non
990 2106 1157 2146 secus
1182 2106 1244 2145 ac
1268 2095 1609 2145 caeterorum
1633 2093 1957 2160 martyrum

301 2184 557 2256 patriam
581 2180 854 2238 debuisse
876 2180 935 2234 iu
955 2196 1021 2236 eo
1043 2180 1262 2251 hymno
1282 2197 1313 2234 a
1357 2178 1697 2245 Prudentio,
1720 2177 1832 2233 nisi
1852 2194 1957 2249 pa-

300 2290 435 2330 rum
467 2272 582 2328 sibi
612 2276 881 2327 constare
908 2268 1097 2339 vellet,
1132 2267 1545 2340 praetermitti?

374 2364 435 2417 In
469 2361 639 2417 tertia
667 2358 1029 2416 Blanchinus
1061 2357 1290 2415 asserit:
1324 2373 1434 2413 non
1486 2373 1609 2412 eum
1666 2355 1958 2411 Prudentii

295 2467 506 2508 morem
533 2449 706 2520 fuisse
724 2449 781 2503 in
814 2448 1035 2519 hymnis
1055 2463 1185 2519 quos
1214 2447 1279 2503 de
1332 2447 1546 2504 sanctis
1577 2446 1957 2501 nationatibus

295 2543 523 2606 cecinit,
555 2548 615 2594 ut
645 2554 834 2593 eorum
851 2538 1066 2608 patrias
1095 2536 1311 2592 sileret.
1341 2540 1500 2591 Itane
1524 2534 1957 2607 vero,inquam?

294 2630 472 2702 Atqui
505 2628 801 2700 Hispanus
832 2630 957 2682 erat
988 2625 1354 2695 Vincentius,
1387 2624 1561 2681 levita
1618 2630 1677 2680 et
1733 2629 1956 2696 martyr

294 2718 736 2783 celeberrimus,
757 2716 960 2772 eadem
994 2732 1060 2769 ac
1112 2714 1465 2770 Prudentius
1512 2718 1955 2785 Caesaraugusta

296 2809 464 2877 urbe,
480 2811 546 2862 ut
570 2805 1050 2868 creditur,natus:
1076 2804 1228 2875 apud
1246 2803 1532 2874 Hispanos
1550 2802 1753 2857 itidem
1774 2803 1950 2869 altus,

297 2897 606 2961 educatus,
625 2910 836 2966 passus
856 2911 870 2961 ;
888 2891 1317 2962 nulladenique
1339 2908 1454 2946 non
1476 2908 1541 2947 ex
1561 2896 1723 2962 parte
1746 2891 1951 2962 Hispa-

297 3002 430 3041 nus.
466 2983 867 3042 Nihilominus
903 2986 1095 3035 tamen
1130 2980 1189 3034 in
1249 2980 1466 3052 hymno
1499 2996 1673 3050 quem
1705 2980 1774 3035 de
1823 2981 1951 3049 ejus

297 3073 571 3147 passione
605 3069 961 3127 Prudentius
1002 3068 1506 3139 elegantissimum
1567 3068 1785 3139 panxit,
1844 3085 1950 3123 nec

294 3162 483 3218 multo
515 3176 691 3233 quam
727 3157 1025 3214 Laurentii
1056 3156 1377 3212 breviorem
1402 3158 1499 3227 (α),
1534 3156 1719 3211 altum
1754 3158 1823 3213 de
1854 3158 1944 3212 in-

292 3250 607 3308 victissimi
641 3248 915 3320 martyris
948 3246 1138 3318 patria
1168 3246 1325 3302 sileri
1381 3247 1695 3319 comperio;
1751 3251 1813 3302 ut
1842 3263 1947 3301 nec

296 3344 546 3398 verbum
580 3356 770 3411 neque
789 3336 1075 3410 particula
1096 3337 1207 3407 ipsi
1227 3337 1391 3405 insit,
1414 3354 1481 3393 ex
1502 3338 1717 3409 quibus
1732 3354 1798 3392 ea
1819 3337 1951 3393 elici

299 3435 404 3487 aut
435 3428 664 3486 odorari
688 3427 895 3499 possit.
919 3424 1319 3481 Conferathzec
1347 3442 1563 3496 quaso,
1594 3425 1952 3481 Blanchinus

297 3535 434 3575 cum
468 3518 541 3572 iis
568 3532 697 3587 quis
725 3515 783 3570 in
819 3513 1079 3569 secunda
1102 3512 1253 3567 thesi
1279 3514 1613 3583 scripserat,
1643 3512 1953 3581 scilicet,si

302 3609 364 3663 in
398 3607 674 3677 Hispania
707 3608 884 3660 natus
914 3601 1124 3658 fuisset
1180 3601 1549 3665 Laurentius,
1593 3603 1833 3658 minime
1864 3603 1953 3673 ip-

302 3697 434 3752 sius
465 3693 715 3766 patriam
747 3710 782 3749 a
810 3690 1124 3747 Prudentio
1156 3691 1216 3745 in
1243 3705 1310 3746 eo
1353 3691 1567 3761 hymno
1599 3696 1953 3762 praetereun-

307 3786 470 3841 dam.

377 3878 593 3929 Verum
627 3871 686 3927 id
717 3873 904 3927 forsan
940 3872 999 3926 in
1030 3870 1250 3943 hymno
1289 3869 1579 3925 Vincentii
1635 3870 1955 3926 Blanchino

303 3962 606 4035 singulare
635 3961 949 4027 videbitur,
983 3964 1159 4028 atque
1189 3960 1331 4015 adeo
1364 3960 1727 4016 insufﬁciens
1777 3965 1841 4016 ut
1864 3976 1957 4016 re—

302 4057 543 4124 ceptum
574 4050 789 4119 alioqui
820 4049 1117 4103 Prudentii
1139 4048 1199 4103 in
1228 4050 1451 4104 caeteris
1472 4050 1707 4122 hymnis
1730 4066 1953 4106 morem

301 4139 569 4197 edicendi
592 4144 927 4195 sanctorum
964 4138 1203 4208 patrias,
1266 4137 1560 4195 ullatenus
1616 4157 1956 4212 oppugnare

300 4230 497 4285 valeat
521 4245 535 4295 ;
562 4244 747 4298 neque
776 4228 903 4298 ipse
925 4226 1263 4293 abnuerem,
1289 4227 1336 4281 si
1360 4245 1451 4283 res
1476 4230 1558 4283 sic
1581 4230 1954 4285 haberet.Sed

302 4319 448 4390 quid
466 4318 515 4373 si
530 4316 752 4372 nullius
768 4332 837 4371 ex
850 4315 1125 4386 Hispanis
1142 4317 1776 4389 martyribus.quorum
1792 4320 1956 4391 hym-

300 4409 363 4463 ni
386 4405 757 4461 habenturin
780 4404 928 4459 libro
946 4401 1069 4476 περὶ
1104 4404 1386 4479 Στεφάνων
1421 4408 1670 4476 patriam
1700 4425 1951 4479 usquam

300 4496 654 4554 Prudentius
678 4493 941 4548 elocutus
961 4492 1156 4561 fuerit;
1180 4510 1246 4547 ac
1288 4510 1357 4547 ne
1390 4511 1571 4549 unum
1623 4496 1860 4566 quidem
1886 4513 1951 4552 ex

298 4585 455 4656 ipsis
483 4586 571 4639 vel
606 4582 929 4654 generatim
962 4581 1287 4652 Hispanum
1313 4584 1567 4639 dixerit?
1589 4585 1951 4641 Paradoxum
1981 4577 2028 4640 Il

296 4676 416 4729 hoc
440 4689 578 4729 sane
598 4671 917 4726 Blanchine
945 4670 1254 4737 videbitur;
1282 4672 1336 4725 id
1363 4688 1467 4727 nos
1486 4678 1682 4729 tamen
1718 4675 1952 4746 proprio

299 4764 563 4839 periculo
589 4763 897 4828 tuendum,
923 4765 1099 4832 atque
1120 4762 1545 4819 ostendendum
1570 4766 1949 4838 suscipimus;

295 4858 455 4928 quod
487 4855 741 4909 velunus
773 4852 899 4921 ejus
929 4850 1061 4905 libri
1096 4852 1303 4908 titulus
1332 4854 1397 4909 de
1428 4856 1784 4923 Coronis,seu
1817 4859 1950 4912 Pas-

293 4944 552 5002 sion-ibus
575 4945 900 5013 martyrum
933 4956 1047 4995 non
1080 4941 1325 4997 obscure
1376 4944 1610 4999 indicat.
1673 4945 1955 5003 Universa

290 5034 485 5106 igitur
515 5031 867 5103 hymnorum
899 5028 1029 5098 ejus
1050 5027 1182 5083 libri
1206 5030 1408 5101 series,
1438 5037 1607 5103 prout
1628 5051 1755 5090 eam
1781 5037 1953 5090 Joan-

293 5140 406 5180 nes
441 5120 722 5176 Weitzius
741 5116 994 5184 exhibet,
1011 5117 1212 5174 ordine
1237 5119 1403 5176 nobis
1426 5124 1822 5192 percurrenda
1842 5128 1951 5179 est.

371 5302 449 5375 (a)
483 5301 536 5356 ls
566 5302 657 5355 est
686 5297 890 5375 ordine
937 5296 1254 5375 secundus
1286 5298 1338 5351 in
1374 5299 1639 5357 Editione
1697 5303 1951 5358 Weitzii.

288 5368 777 5449 Constatautem
930 5368 1207 5449 strophis,
1241 5368 1497 5440 hymnus
1522 5389 1655 5449 vero
1698 5380 1956 5449 Lauren-

282 5448 383 5515 tii,
416 5445 516 5518 qui
550 5444 611 5518 in
633 5459 710 5518 _e_a
738 5440 1004 5518 Editioue
1027 5440 1237 5495 tertius
1282 5448 1624 5500 numeratur
1681 5446 1955 5517 strophas

291 5511 550 5577 omnino
584 5515 690 5569 146
721 5511 995 5571 continet.

367 5591 687 5716 (bl).Hymn.
718 5604 736 5642 ι
767 5587 824 5640 in
868 5582 1152 5637 honorem
1217 5583 1317 5640 SS.
1381 5584 1522 5640 MM.
1555 5588 1866 5645 Hemeterii
1902 5591 1957 5645 et

367 5679 408 5716 ie
436 5661 625 5716 idonn
662 5658 1249 5716 Cataaurrztanorum.

280 5658 625 5719 Chelidonii
662 5658 1249 5731 Catagurrztaporum.

356 5735 436 5807 (ι’)
466 5731 709 5801 Stroph.
744 5725 979 5800 n,vers.
1014 5725 1046 5779 4

2068 1917 2302 1973 initium
2336 1920 2405 1973 de
2436 1918 2733 1989 Calagurri
2764 1918 3012 1988 loquens
3042 1916 3397 1972 Prudentius
3429 1915 3510 1968 ait
3537 1912 3640 1983 (f):

2194 2006 2287 2057 Hic
2315 2007 2451 2056 locus
2480 2006 2677 2069 dignus
2704 2006 2953 2057 tenendis
2978 2006 3187 2055 ossibus
3214 2004 3362 2054 visus
3386 2006 3509 2053 Deo.

2069 2096 2189 2151 Sub
2224 2096 2399 2152 ﬁnem
2430 2113 2563 2151 vero
2591 2097 2671 2168 (g)
2701 2115 2713 2152 :

2191 2186 2483 2249 Martyrum
2514 2199 2634 2237 cum
2664 2186 2906 2236 membra
2932 2188 3109 2235 nostra
3140 2184 3475 2233 consecravit
3504 2182 3713 2246 oppido.

2066 2266 2611 2335 Nec‘Prudentium,
2638 2268 2739 2338 qui
2759 2284 2872 2321 non
2898 2266 3237 2338 longissime
3252 2265 3323 2319 ab
3336 2265 3546 2319 horum
3567 2280 3715 2317 mar-

2065 2360 2259 2427 tyrum
2293 2357 2505 2412 saeculo
2553 2356 2716 2421 vixit,
2776 2355 2954 2411 latere
3011 2371 3275 2425 unquam
3334 2356 3584 2425 poterat,
3616 2367 3715 2407 eos

2068 2446 2313 2515 Legione
2344 2446 2493 2517 (quae
2545 2446 2684 2501 urbs
2737 2461 2852 2500 non
2886 2459 3208 2516 paucorum
3270 2442 3500 2497 dierum
3532 2442 3711 2496 inter-

2065 2535 2214 2590 vallo
2247 2552 2279 2590 a
2309 2536 2609 2607 Calagurri
2641 2536 2905 2605 sejuncta
2935 2536 3041 2601 est)
3094 2531 3388 2599 Marcello,
3444 2535 3509 2586 ut
3539 2530 3712 2603 vulgo

2065 2625 2340 2689 creditur,
2375 2624 2723 2680 Centurione
2755 2623 3089 2695 progenitos
3117 2622 3318 2677 fuisse.

2134 2714 2437 2769 Secundus
2460 2712 2733 2784 ejuslibri
2751 2713 3003 2784 hymnus
3022 2711 3352 2783 passionem
3372 2710 3557 2765 sancti
3573 2709 3713 2764 Vin-

2063 2804 2235 2859 centii
2266 2802 2454 2858 levitas
2475 2802 2774 2869 continet;
2808 2801 2865 2855 in
2901 2817 2967 2855 eo
2999 2804 3191 2855 autem
3247 2799 3360 2853 alte
3391 2798 3578 2870 ipsius
3611 2816 3710 2869 pa-

2062 2893 2234 2948 triam
2264 2893 2421 2948 sileri
2450 2893 2622 2947 modo
2656 2891 3018 2947 dicebamus.
3042 2890 3271 2945 Tertius
3301 2890 3370 2943 de
3401 2888 3711 2944 Laurentio

2062 2985 2172 3048 est,
2205 2998 2273 3037 ex
2305 2998 2420 3052 quo
2464 2982 2709 3037 Romam
2769 2979 3125 3036 sanctissimi
3157 2978 3431 3049 martyris
3462 2977 3712 3049 patriam

2060 3072 2265 3141 fuisse,
2296 3072 2353 3126 id
2388 3077 2763 3145 est,aquame
2795 3071 3270 3143 pumicehaurire
3287 3066 3715 3124 Blanchinuset

2064 3161 2338 3217 Merenda
2372 3161 2623 3229 voluere;
2652 3178 2791 3217 nose
2824 3162 3049 3215 diverso
3070 3159 3217 3214 nihil
3240 3159 3298 3213 in
3324 3174 3389 3213 eo
3428 3156 3712 3213 contineri

2063 3267 2179 3321 quo
2211 3251 2488 3321 Hispania
2518 3256 2720 3306 nostra
2752 3250 3110 3321 designetur,
3146 3254 3246 3303 aut
3290 3248 3446 3303 unde
3503 3246 3713 3316 conjici

2063 3341 2316 3411 possitin
2334 3357 2400 3395 ea
2414 3344 2618 3395 natum
2635 3339 2821 3395 fuisse
2845 3338 3370 3406 Laurentium,non
3385 3336 3466 3391 ita
3483 3336 3710 3407 pridem

2063 3430 2307 3501 professi
2344 3446 2572 3485 sumus.
2603 3430 2855 3495 Quartus
2889 3426 3074 3483 sancti
3106 3424 3447 3497 Hippollyti,
3468 3423 3709 3495 quintus

2064 3520 2246 3573 sancti
2272 3520 2565 3591 Cypriani,
2592 3523 2790 3573 sextus
2815 3521 3152 3573 sanctorum
3177 3513 3575 3587 apostolorum
3600 3517 3709 3567 Pe-

2062 3606 2138 3662 tri
2162 3612 2218 3663 et
2238 3608 2403 3663 Pauli
2426 3607 2727 3677 passiones
2749 3606 3226 3677 continent,quos
3246 3604 3382 3675 quia
3402 3604 3473 3658 de
3506 3602 3708 3673 Hispa-

2064 3697 2156 3751 nis
2188 3696 2547 3768 martyribus
2578 3712 2694 3750 non
2728 3700 2912 3766 agunt
2941 3694 3209 3749 consulto
3239 3692 3546 3747 mittimus.

2131 3785 2455 3856 Septimum
2489 3786 2615 3855 ejus
2647 3783 2781 3837 libri
2812 3783 3124 3855 hymnum,
3156 3782 3370 3837 Laudes
3398 3785 3713 3837 sanctorum

2062 3878 2243 3933 decem
2274 3884 2323 3931 et
2352 3880 2468 3931 octo
2499 3880 2811 3946 martyrum
2843 3874 3473 3944 Ca’saraugustanorum
3516 3870 3591 3936 (Ιι)
3622 3870 3713 3924 in-

2066 3966 2375 4038 scriptum,
2403 3972 2657 4035 quantus
2689 3964 2787 4019 ille
2816 3967 2924 4034 est,
2958 3980 2991 4017 a
3038 3979 3096 4017 se
3137 3965 3291 4017 stare
3348 3959 3711 4015 Blanchinus

2064 4056 2434 4123 existimavit;
2459 4053 2739 4117 verum,si
2764 4053 2903 4124 quid
2939 4068 3043 4124 ego
3068 4050 3513 4121 .video,miriﬁce
3553 4048 3612 4102 in
3646 4064 3712 4103 eo

2064 4148 2371 4202 verborum
2405 4145 2594 4215 specie
2625 4144 2900 4213 deceptus
2934 4142 3058 4197 fuit.
3095 4143 3236 4196 Rem
3279 4156 3455 4211 quam
3515 4138 3714 4209 potero

2065 4235 2409 4291 brevissime
2441 4248 2746 4304 exponam.
2777 4230 3084 4286 Extollitin
3118 4246 3184 4285 eo
3217 4229 3429 4300 hymno
3458 4227 3714 4283 Pruden-

2065 4325 2183 4378 tius
2215 4325 2714 4392 Caasaraugustam
2752 4336 2943 4387 suam,
2978 4319 3132 4390 quod
3166 4334 3330 4372 sacro
3388 4316 3710 4372 octodecim

2070 4418 2323 4485 martyru
2336 4428 2387 4466 m
2401 4426 2671 4481 ,quorum
2688 4413 2879 4464 servat
2896 4406 3421 4478 cineres,pr£esidio
3436 4423 3489 4461 m
3501 4403 3713 4460 unitis—

2064 4503 2214 4557 sima
2248 4502 2528 4556 adversus
2557 4498 2993 4553 vicissitudines
3022 4496 3620 4567 babeatur;quodque
3652 4492 3710 4547 in

2062 4595 2333 4647 extremae
2360 4588 2599 4644 ultionis
2624 4588 2716 4642 die
2740 4586 2925 4642 multo
2947 4586 3145 4657 plures
3169 4602 3343 4657 quem
3374 4586 3548 4640 urbes
3580 4583 3705 4637 alim

2062 4686 2399 4734 sanctorum
2426 4677 2662 4733 exuvias
2690 4676 2918 4730 Christo
2941 4683 3264 4746 martyrum
3288 4674 3408 4745 regi
3449 4672 3704 4727 votivum

2063 4785 2279 4824 munus
2294 4767 2561 4822 oblatura
2574 4768 2669 4821 sit.
2687 4764 2874 4835 Pergit
2888 4764 3135 4819 subinde
3150 4762 3557 4819 concurrentia
3579 4761 3706 4815 loca

2063 4860 2276 4929 quibus
2307 4857 2455 4912 sacri
2480 4852 3131 4925 reliquiarumthesauri
3157 4852 3553 4907 reconduntur
3570 4865 3706 4903 enu-

2063 4964 2321 5015 merans,
2354 4950 2409 5001 et
2441 4945 2539 5001 ait:
2566 4944 2835 4999 Corduba
2863 4943 3155 4997 Acisclum
3188 4958 3253 4997 ac
3312 4939 3566 4996 Zoellum
3602 4954 3703 4992 seu

2064 5037 2283 5092 Zoilum
2309 5035 2529 5090 offeret:
2560 5035 2805 5087 Tarraco
2830 5033 3217 5086 Fructuosum
3253 5033 3309 5084 et
3335 5029 3543 5095 socios,
3595 5026 3707 5083 Ge-

2066 5127 2255 5181 runda
2287 5123 2555 5191 Felicem,
2578 5121 2815 5176 Barcino
2843 5120 3203 5187 Cucufatem,
3236 5117 3567 5189 Calagurris
3598 5120 3710 5172 He-

2158 5306 2209 5375 d)
2242 5302 2475 5373 Stroph.
2508 5318 2677 5375 xxxix
2708 5315 2856 5355 vers.
2890 5300 3013 5375 U7.

2158 5308 2209 5375 ἀ)
2242 5308 2475 5373 Stroph.
2508 5318 2677 5355 xxx1x
2708 5315 2856 5355 vers.
2890 5308 3013 5353 117.

2136 5308 2203 5447 le)
2237 5377 2445 5446 Hymn.
2474 5390 2553 5429 vn
2585 5374 2685 5428 SS.
2718 5377 2850 5428 MM.
2900 5374 3250 5442 Cresaraug.,
3302 5368 3525 5442 stroph.
3586 5385 3709 5440 VIII,

2062 5466 2213 5504 vers.
2247 5450 2335 5500 21.

2137 5521 2207 5593 lf)
2235 5516 2468 5593 Stroph.
2504 5533 2564 5581 II,
2596 5530 2745 5570 vers.
2776 5516 2830 5569 5.

2245 5586 2476 5664 Stroph.
2510 5604 2706 5664 xxaix,
2732 5602 2881 5664 vers.
2906 5586 3029 5664 lit}.

2138 5594 2189 5664 (g
2245 5594 2476 5660 Stroph.
2510 5604 2701 5657 xxxrx,
2732 5602 2881 5641 vers.
2906 5594 3029 5643 416.

2138 5594 2214 5733 (hl
2244 5662 2449 5735 Hymn-
2482 5676 2559 5715 VII
2602 5660 2659 5713 in
2675 5658 2928 5735 _|_8}u_de_m
2969 5661 3197 5735 decem_
3221 5664 3281 5735 et
3309 5662 3437 5717 octo
3469 5660 3702 5729 martyr.

2066 5728 2642 5805 Czesaraugustanor.
2674 5728 2976 5790 Weitziue.
3012 5750 3143 5807 pag.
3178 5733 3300 5789 403.
