4156 6320
317 372 428 429 645

1264 370 1734 428 DISSERTATIO
1770 373 1867 426 DE
1906 372 2199 429 DAMASO
2234 376 2329 430 ET
2363 377 2803 435 LAURBNTIO.

3625 387 3731 443 646

310 496 560 554 totidem
589 492 781 550 verbis
822 498 993 565 atque
1042 493 1101 548 in
1152 492 1444 549 Leoniano
1474 493 1969 564 Sacramentario,
2001 496 2056 563 Α
2083 497 2317 565 trabem,
2342 501 2588 573 exempli
2613 518 2787 559 causa
2802 504 2958 558 oneri
2972 503 3199 577 ferendo
3222 521 3432 575 pacem,
3452 505 3731 577 virginem

314 582 677 641 sanctissimi
702 583 975 655 martyris
994 582 1201 652 patria,
1226 583 1491 652 cognatio
1522 582 1897 655 dignitasque
1916 583 1975 638 in

314 674 565 747 proprias
593 672 784 728 missa:
807 671 1229 727 contestatione
1255 671 1566 727 habentur.
1596 671 1729 727 Uter
1749 673 1820 726 ab
1844 676 1975 727 utro

315 764 507 820 Codex
533 766 842 817 mutuatus
865 761 1020 814 hunc
1041 765 1295 816 tractum
1322 760 1625 827 t‘uerit,nec
1645 760 1823 829 hujus
1841 760 1975 827 loci,

314 869 507 925 neque
530 851 696 907 facile
715 850 977 905 divinare
999 854 1117 917 est;
1148 850 1469 919 praesertim
1494 866 1626 905 cum
1646 850 1714 904 ad
1735 866 1974 904 manum

317 944 358 998 ii
383 941 623 998 Codices
656 957 772 995 non
806 939 925 993 sint
952 963 967 1005 ;
999 949 1053 993 et
1086 939 1229 994 alias
1263 938 1498 994 Missale
1526 939 1669 993 illud
1704 939 1976 994 Gothico-

318 1032 689 1088 Gallicanum
713 1045 827 1084 non
844 1028 1087 1083 minoris
1107 1029 1251 1083 forte
1267 1029 1638 1100 antiquitatis
1652 1044 1781 1084 esse
1794 1045 1973 1099 quam

319 1124 654 1177 Veronense
711 1118 1266 1183 Sacramentarium,
1320 1134 1389 1172 ex
1447 1118 1541 1173 bis
1591 1135 1717 1189 quae
1776 1119 1970 1175 cardd.

322 1217 482 1267 Bona
509 1212 579 1282 (α)
621 1215 677 1264 et
730 1207 1086 1263 Thomasius
1121 1208 1196 1277 (b)
1227 1208 1534 1279 prodidere
1582 1209 1788 1263 merito
1838 1225 1972 1263 sus-

317 1303 499 1374 picari
533 1299 850 1372 possimus.
1460 1368 1465 1371 _

394 1391 542 1446 Illud
564 1394 762 1444 tamen
794 1388 1018 1442 interea
1048 1386 1255 1458 liquet,
1278 1387 1767 1442 Contestationem
1786 1388 1855 1443 de
1869 1404 1970 1459 pa-

316 1482 433 1537 tria
456 1477 868 1549 etcognatione
887 1475 1200 1532 Clementis
1225 1476 1481 1531 anilibus
1507 1476 1721 1531 fabulis
1736 1478 1968 1548 plenam

315 1587 477 1637 esse;
510 1573 710 1638 utpote
725 1584 850 1638 quae
864 1582 932 1621 ex
946 1566 1190 1620 conficto
1215 1566 1367 1620 Petri
1393 1565 1639 1636 apostoli
1665 1566 1968 1622 ltinerario

313 1660 498 1733 (quod
533 1657 670 1713 libri
698 1654 1147 1727 Recognitionum
1177 1654 1539 1726 inscribitur)
1573 1672 1605 1709 a
1635 1654 1865 1711 Gelasio
1898 1656 1967 1728 (e)

315 1766 471 1821 papa
514 1746 574 1802 in
622 1745 867 1802 concilio
924 1750 1185 1801 Romano
1228 1762 1245 1798 1
1286 1744 1437 1798 inter
1491 1744 1824 1816 apocrypha
1874 1761 1965 1800 re-

312 1839 453 1905 lato,
488 1838 603 1894 fere
633 1837 702 1891 ad
736 1835 988 1891 litteram
1019 1836 1331 1906 desumpta
1362 1835 1473 1903 sit;
1520 1850 1765 1906 eamque
1787 1836 1960 1891 etiam

312 1929 385 1984 ob
398 1943 639 1983 causam
660 1943 691 1981 a
708 1925 951 1996 reliquis
970 1924 1261 1994 liturgicis
1277 1924 1443 1979 libris
1460 1923 1662 1979 merito
1677 1926 1965 1997 proscrip-

310 2025 434 2073 tam
460 2015 664 2082 fuisse,
690 2016 841 2086 quod
873 2031 975 2069 nec
1000 2013 1350 2069 Blanchinus
1371 2012 1751 2069 inficiabitur.
1772 2014 1971 2069 Elicial

310 2107 451 2162 hinc
481 2122 677 2177 quaso
708 2105 887 2160 lector
910 2120 1132 2174 aequus,
1158 2119 1290 2157 cum
1312 2119 1425 2157 non
1446 2102 1642 2157 minus
1669 2104 1967 2161 Laurentii

310 2196 880 2266 Contestatio,quam
900 2194 1072 2249 modo
1096 2193 1348 2248 adducta
1370 2191 1967 2264 Clementis,patriam

309 2283 678 2343 sanctissimi
708 2283 892 2338 levitas
929 2282 1263 2353 praeseferre
1292 2280 1580 2349 videatur,
1619 2281 1967 2353 nullumque

308 2381 637 2449 praetereae
657 2377 740 2429 tot
761 2371 1049 2443 liturgicis
1072 2370 1382 2425 Codicibus
1403 2370 1460 2423 in
1486 2370 1766 2425 auxilium
1790 2389 1965 2428 suum

306 2467 593 2522 advocare
608 2466 1032 2534 queat,quanta
1045 2462 1282 2515 demum
1298 2459 1349 2515 ei
1362 2460 1505 2515 fides
1521 2459 1851 2515 adhibenda
1866 2463 1961 2517 sit.

381 2554 649 2612 Vidimus
681 2568 750 2608 ex
783 2568 897 2607 uno
931 2549 1394 2621 importunitatis
1422 2550 1753 2621 argumenti
1777 2551 1964 2621 capite

306 2646 380 2718 (si
417 2643 668 2716 patriam
705 2639 995 2696 Laurentii
1028 2640 1086 2693 in
1119 2640 1248 2709 ejus
1280 2639 1474 2693 missae
1506 2638 1962 2707 Contestatione,

308 2751 437 2806 quae
454 2731 622 2788 nobis
634 2726 1222 2801 objicitur,contineri
1239 2726 1594 2782 Blanchinus
1608 2727 1767 2798 velit)
1784 2744 1967 2799 quan-

307 2830 437 2879 tum
462 2837 529 2876 ea
549 2819 903 2875 Contestatio
934 2819 1006 2873 de
1038 2816 1333 2881 falsitatis,
1368 2822 1467 2870 aut
1496 2815 1963 2888 interpolationis

307 2912 447 2967 vitio
473 2913 749 2981 suspecta
772 2907 867 2962 sit.
884 2907 1052 2962 Nunc
1076 2907 1121 2961 si
1148 2907 1220 2961 ad
1246 2905 1508 2977 phrasim
1537 2906 1805 2960 nascendo
1826 2908 1963 2962 civis

305 3017 423 3057 esse
443 3001 709 3055 animum
735 2996 1023 3068 tantisper
1045 2996 1341 3051 advertere
1363 2995 1655 3061 volumus,
1681 3011 1807 3049 eam
1830 3012 1963 3067 pro-

306 3092 459 3145 fecto
490 3104 597 3143 nec
626 3086 814 3141 Latini
855 3083 1143 3140 sermonis
1194 3082 1388 3153 genio,
1424 3098 1611 3153 neque
1658 3083 1810 3137 aetati
1862 3088 1963 3139 aut

307 3177 459 3251 stylo
489 3175 697 3232 Leonis
724 3174 943 3245 Magni,
977 3172 1071 3229 cui
1104 3176 1297 3227 tamen
1331 3170 1685 3227 Blanchinus
1719 3173 1957 3229 omnino

2084 588 2202 643 viro
2231 598 2525 658 maturam,
2552 596 2609 646 et
2630 591 2848 647 similia
2870 609 2990 662 quae
3015 609 3083 648 ex
3113 610 3390 664 germana
3418 596 3731 655 Latinitate

2088 683 2255 745 sunt;
2282 678 2366 733 vel
2391 680 2440 734 si
2464 680 2811 752 simpliciter
2828 682 3176 750 gerundium
3198 684 3735 754 ponitur,exvetere

2085 763 2141 819 id
2162 766 2360 837 aliqua
2386 774 2561 839 atque
2599 770 3439 839 obsoletajurisconsultorum
3475 774 3727 835 formula

2086 856 2435 913 descendere
2464 862 2682 931 putand
2696 877 2790 915 um
2827 865 2933 915 est.

2157 945 2235 999 De
2251 953 2414 1002 aetate
2428 955 2623 1003 autem
2642 949 2922 1020 phraseos
2935 953 3214 1008 nascendo
3227 955 3482 1023 civem,in
3491 974 3732 1026 genuum

2085 1040 2187 1088 aut
2208 1035 2318 1090 tale
2338 1038 2556 1108 aliquid
2580 1039 2949 1106 esse,nullum
2974 1040 3117 1095 mihi
3141 1042 3555 1115 bactenus,nec
3576 1050 3730 1119 apud

2086 1125 2259 1179 medii
2294 1126 2393 1179 aevi
2428 1128 2744 1198 scriptores
2776 1130 3107 1201 exemplum
3142 1132 3395 1202 reperire
3445 1134 3629 1203 licuit,
3663 1155 3731 1193 ex

2083 1230 2199 1283 quo
2229 1215 2390 1269 illam
2425 1217 2633 1272 elicere
2665 1219 2981 1289 possimus.
3007 1220 3083 1273 Cl.
3122 1224 3455 1293 Ducangius
3489 1226 3726 1283 unicum

2083 1304 2301 1373 profert
2330 1321 2359 1359 e
2392 1307 2912 1379 Langobardorum
2944 1309 3173 1381 legibus
3206 1311 3264 1366 in
3297 1314 3513 1383 quibus
3548 1316 3727 1372 hahe-

2082 1394 2235 1461 tur(j)
2250 1410 2262 1447 :
2278 1395 2343 1447 Et
2360 1396 2786 1467 illequipulsat,
2802 1403 2853 1452 et
2873 1399 3127 1454 wadiam
3146 1402 3406 1473 suscepit,
3422 1420 3727 1462 raoxnmo-

2080 1498 2183 1536 RES
2215 1499 2684 1542 SACRAMENTALES
2717 1504 2811 1550 QUI
2846 1505 3136 1544 NASCENDO
3160 1507 3307 1546 SUNT
3327 1492 3519 1548 debeat
3540 1500 3729 1551 nomi—

2078 1588 2214 1626 nare
2225 1575 2605 1639 tantquuae
2619 1592 2956 1647 quanquam
2975 1579 3176 1634 Latine
3189 1580 3728 1651 scriptavideantur

2077 1661 2160 1715 ita
2187 1678 2279 1717 me
2308 1669 2462 1718 Deus
2494 1671 2669 1732 amet,
2720 1683 2833 1720 non
2885 1668 3076 1739 magis
3108 1685 3211 1739 ego
3246 1670 3506 1744 intelligo
3547 1691 3725 1744 quam

2078 1750 2376 1806 Poenulum
2412 1752 2640 1821 Plauti;
2695 1771 2797 1809 nec
2830 1754 2943 1810 nisi
2974 1757 3045 1811 ad
3079 1757 3422 1828 septimum,
3458 1762 3726 1820 fortassis

2077 1840 2251 1895 etiam
2269 1841 2457 1896 nisiad
2474 1846 2743 1897 octavum
2758 1844 3036 1899 smculum
3054 1847 3253 1901 referri
3271 1865 3441 1919 posse
3454 1850 3724 1908 arbitror.

2078 1929 2186 1984 Sed
2220 1930 2357 2000 quid
2392 1930 2673 2001 exemplis
2707 1949 2852 2003 opus
2902 1934 3036 1989 est?
3084 1934 3271 1991 Verba
3302 1939 3429 2008 ipsa
3458 1943 3726 1998 nascendo

2079 2017 2214 2072 civis
2234 2019 2598 2090 esse,pingue
2621 2021 2817 2076 nescio
2836 2021 2975 2091 quid
3000 2028 3179 2093 atque
3191 2031 3439 2095 agreste,
3456 2027 3573 2083 imo
3589 2032 3724 2085 bar-

2079 2106 2288 2161 barum
2305 2108 2669 2176 sonantia,ex
2688 2109 2906 2164 inﬁma:
2925 2111 3247 2167 Latinitatis
3264 2114 3501 2171 faecibus
3516 2118 3728 2176 hausta

2077 2212 2107 2251 e
2125 2196 2363 2268 vestigio
2387 2214 2515 2251 sese
2539 2199 2810 2270 produnt,
2828 2199 2899 2256 iis
2924 2200 3023 2270 qui
3046 2200 3189 2256 Latii
3215 2219 3327 2257 non
3354 2206 3587 2275 penitus
3620 2209 3728 2264 ho-

2078 2286 2259 2356 spites
2292 2287 2526 2341 fuerint.

2149 2375 2283 2438 Quae
2324 2392 2457 2430 cum
2502 2376 2587 2432 ita
2635 2377 2775 2447 sint,
2821 2378 2869 2433 si
2920 2380 3049 2449 quis
3097 2380 3422 2439 etiamnum
3484 2386 3724 2456 phrasin

2076 2465 2147 2519 de
2169 2480 2286 2533 qua
2304 2463 2601 2535 loquimur
2620 2483 2753 2521 cum
2778 2468 2925 2538 stylo
2948 2469 3137 2524 sancti
3158 2470 3723 2546 Leoniscongruere,

2075 2557 2176 2608 aut
2195 2569 2262 2608 ex
2283 2553 2471 2624 ipsius
2491 2571 2588 2609 ore
2612 2555 2899 2626 prodiisse
2922 2560 3241 2614 contendat
3266 2578 3278 2614 :
3304 2578 3388 2616 nae
3411 2562 3579 2619 illum
3604 2566 3724 2622 elo-

2074 2643 2466 2713 quentissimo
2486 2644 2743 2715 pontifici
2766 2646 3051 2717 injurium
3076 2650 3195 2703 fore
3216 2666 3452 2707 necesse
3464 2659 3571 2709 est.
3597 2656 3723 2712 Scio

2073 2732 2373 2804 equidem,
2401 2737 2456 2787 et
2483 2734 2539 2786 in
2572 2734 2702 2803 ejus
2730 2735 2880 2807 stylo
2911 2737 3199 2808 reperisse
3230 2742 3385 2811 quod
3420 2749 3726 2815 carperent

2075 2822 2426 2877 morosiores
2459 2822 2560 2877 aevi
2588 2825 2763 2877 nostri
2785 2827 3227 2895 grammaticos,
3252 2830 3420 2899 queis
3439 2847 3725 2899 cor,sum-

2072 2910 2270 2981 mique
2301 2909 2411 2982 ipsi
2447 2911 2764 2983 digitorum
2800 2913 3031 2968 articuli
3064 2915 3403 2973 Tullianum
3439 2923 3681 2991 sapiunt
3710 2942 3725 2993 ;

2073 3014 2177 3053 nec
2201 2998 2588 3054 dissimulabo
2611 3000 2898 3058 nonnulla
2915 3002 2975 3057 in
2997 3004 3125 3073 ejus
3157 3004 3445 3077 Operibus
3474 3008 3725 3065 inveniri

2071 3105 2198 3159 quae
2216 3105 2327 3142 non
2344 3089 2485 3143 satis
2502 3105 2743 3144 nervose
2757 3090 2911 3145 dicta
2924 3093 3107 3146 videri
3133 3095 3389 3166 possint;
3422 3096 3721 3154 tinnulum

2074 3182 2349 3250 praeterea
2363 3177 2634 3233 dictionis
2660 3196 2865 3248 genus,
2879 3180 3175 3252 nimisque
3194 3183 3463 3241 fortassis
3486 3188 3720 3244 anxiam

306 3267 653 3323 attributam
667 3263 1101 3319 vultullatenus
1116 3261 1963 3333 conveniredeprebendemus.
1998 3241 2042 3309 CI
2076 3267 2136 3321 in
2170 3267 2426 3338 periodis
2446 3270 2555 3320 τῶν
2576 3265 2862 3321 ἱσοκώλων
2884 3286 2984 3323 seu
3006 3270 3471 3340 parimembrium
3490 3293 3727 3333 consec-

305 3359 571 3412 Primum
607 3355 760 3426 quod
794 3356 1040 3424 spectat,
1067 3367 1261 3419 nemo,
1285 3351 1510 3419 opinor,
1547 3351 1829 3407 lectorum
1858 3352 1970 3408 erit

304 3446 401 3519 qui
419 3444 643 3501 nesciat
656 3458 865 3516 parum
882 3440 1083 3496 Latine
1096 3439 1208 3494 dici
1224 3440 1496 3494 nascendo
1509 3456 1668 3510 quem
1680 3441 1970 3510 civem,in-

305 3552 527 3608 genum,
553 3542 649 3588 aut
669 3533 999 3587 libertinum
1028 3546 1159 3585 esse.
1177 3529 1435 3594 Veteres,
1461 3528 1579 3583 imo
1595 3530 1796 3583 mediae
1821 3547 1969 3600 quos

308 3630 523 3681 vocant
546 3621 884 3678 Latinitatis
909 3625 1197 3686 auctores,
1214 3619 1509 3673 dicerent:
1536 3621 1763 3686 natura,
1795 3635 1894 3673 seu
1918 3619 1967 3674 si

314 3714 487 3787 paulo
500 3712 840 3784 depressius
856 3707 1239 3782 loquivellent
1254 3726 1265 3763 :
1282 3707 1650 3769 naturaliter;
1664 3724 1775 3778 quo
1790 3724 1966 3763 sensu

314 3802 829 3875 Carthaginienses
843 3800 1041 3855 Cicero
1058 3808 1265 3853 natura
1282 3796 1572 3853 mendaces
1587 3797 1967 3867 (d)victoriam

315 3899 519 3949 natura
540 3892 831 3963 superbam
854 3890 923 3961 (e)
947 3893 1137 3959 vocat;
1171 3887 1463 3952 Horatius,
1493 3903 1729 3942 carmen
1761 3896 1969 3943 natura

318 3982 596 4038 laudabile
645 3982 737 4050 (f),
771 3980 1061 4034 Romanos
1121 3981 1327 4031 natura
1382 3976 1651 4031 sublimes
1686 3976 1760 4047 (g)
1794 3981 1967 4047 atque

314 4073 414 4128 alii
448 4077 715 4127 auctores
750 4068 989 4140 passim.
1027 4066 1157 4122 Scio
1185 4066 1455 4137 equidem
1490 4066 1742 4122 solvendo
1771 4066 1961 4136 ﬁdeiu-

314 4163 509 4227 benio,
541 4162 675 4215 satis
719 4158 901 4213 dando
930 4174 1043 4213 esse
1075 4155 1453 4211 Latinissime
1487 4173 1519 4209 a
1544 4156 1838 4210 veteribus
1863 4157 1964 4225 ju-

312 4249 692 4307 risconsultis
723 4248 874 4315 dici;
912 4248 1020 4301 imo
1046 4245 1386 4315 agnoscendo
1413 4244 1816 4315 proximiorem
1848 4245 1968 4301 hce-

306 4340 497 4397 redem
525 4339 673 4409 ﬁeri,
699 4342 1087 4393 testamentum
1118 4334 1326 4406 rumpi,
1352 4335 1502 4403 quod
1538 4339 1594 4388 et
1624 4334 1774 4405 apud
1809 4335 1962 4390 Cice-

308 4447 515 4486 ronem
549 4429 801 4500 legimus
825 4426 935 4498 (h);
959 4432 1014 4479 et
1035 4424 1316 4496 Virgilius
1331 4422 1545 4478 alicubi
1563 4426 1855 4478 fortunam
1879 4427 1962 4495 [e-

306 4520 479 4575 rendo
498 4518 873 4589 superandam
898 4517 960 4586 (τ’)
984 4515 1147 4569 dixit.
1175 4514 1412 4569 Diversa
1443 4517 1634 4568 tamen
1661 4514 1782 4568 haec
1802 4519 1959 4583 sunt;

2078 3357 2391 3425 tationem;
2413 3373 2613 3412 verum
2640 3362 2706 3411 ut
2731 3362 2887 3412 certa
2907 3373 2974 3413 ea
2995 3359 3133 3430 sint,
3156 3362 3309 3431 quod
3336 3380 3442 3419 nos
3475 3382 3589 3420 non
3623 3368 3728 3421 de-

2081 3445 2340 3510 ﬁnimus,
2384 3446 2455 3500 ad
2496 3446 2847 3501 sententiam
2899 3448 3302 3521 orationisque
3343 3456 3725 3520 structuram,

2080 3536 2273 3607 potius
2308 3552 2482 3605 quam
2519 3535 2590 3589 ad
2623 3537 2930 3591 verborum
2964 3541 3378 3610 proprietatem
3420 3548 3727 3615 spectant;

2077 3624 2135 3679 in
2171 3624 2386 3694 quibus
2420 3623 2637 3695 alioqui
2673 3626 2958 3695 serendis,
2990 3628 3040 3682 si
3089 3646 3273 3685 unum
3325 3636 3427 3687 aut
3474 3633 3726 3690 alterum

2077 3712 2370 3767 naavulum
2416 3713 2690 3783 excipias,
2726 3714 2955 3785 egregie
3004 3722 3239 3772 cautum
3286 3722 3723 3779 sanctissimum

2078 3803 2373 3857 doctorem
2409 3802 2590 3857 fuisse
2619 3802 2861 3858 scimus.

2146 3892 2363 3946 Verum
2380 3908 2485 3963 ego
2496 3895 2690 3946 tamen
2707 3909 2808 3947 nec
2827 3893 3104 3959 phraseos
3126 3898 3405 3953 nascendo
3434 3902 3571 3955 civis
3602 3904 3734 3957 stri-

2076 3982 2275 4036 dorem
2288 3997 2497 4052 ,neque
2513 3998 2653 4053 urgu
2664 3982 2840 4035 menti
2857 3982 2933 4036 im
2946 3989 3111 4054 portu
3123 3984 3361 4041 nitatem
3378 3988 3599 4044 interea
3615 4008 3734 4046 mo.

2076 4080 2258 4140 ratus,
2286 4070 2400 4125 alia
2425 4071 2514 4124 via
2548 4071 2687 4125 bina
2713 4070 2810 4125 illa
2843 4074 3015 4127 verba
3043 4073 3115 4144 (si
3147 4076 3216 4129 ad
3254 4078 3464 4133 Leonis
3496 4084 3727 4136 aetatem

2076 4177 2142 4215 ea
2169 4177 2300 4214 cum
2357 4159 2678 4214 Blanchino
2706 4160 2907 4213 referri
2941 4160 3231 4230 volumus)
3266 4166 3501 4234 incerta,
3535 4169 3730 4223 incon-

2072 4250 2262 4319 cinna,
2297 4254 2399 4303 aut
2428 4248 2574 4302 male
2602 4265 2726 4302 cum
2773 4248 2901 4303 aliis
2952 4250 3286 4308 cohaerentia
3330 4257 3639 4312 ostendere
3670 4259 3728 4313 in

2074 4339 2269 4393 animo
2295 4338 2500 4403 habeo;
2518 4338 2633 4391 imo
2658 4337 2921 4408 ipsorum
2946 4341 3250 4397 occasione
3274 4344 3563 4415 integram
3586 4346 3728 4402 Lau-

2074 4427 2347 4483 rentianae
2374 4428 2443 4481 de
2466 4443 2582 4497 qua
2606 4426 2834 4497 agimus
2859 4428 3050 4483 missa:
3067 4429 3726 4508 Coutestationem(quae

2074 4519 2145 4572 de
2168 4522 2372 4572 caetero
2403 4521 2675 4571 sanctum
2712 4517 2957 4572 Leonem
2990 4519 3257 4577 fortassis
3289 4528 3587 4579 auctorem
3619 4528 3728 4582 ha-

307 4611 372 4665 in
402 4609 496 4664 his
527 4608 681 4663 enim
717 4606 1053 4678 phrasibus,
1082 4620 1249 4659 voces
1276 4603 1503 4657 idoneus
1525 4602 1961 4674 velparsubin-
1995 4613 2040 4677 D
2075 4604 3006 4677 bet[k])vitiatam,atqueelibris
3027 4608 3314 4680 liturgicis
3339 4615 3724 4686 proscriptam

306 4698 555 4755 tellecta:
587 4696 848 4752 efﬁciunt
873 4699 937 4748 ut
957 4694 1158 4749 eadem
1192 4694 1269 4747 sit
1302 4692 1513 4747 locutio
1539 4709 1602 4746 ac
1626 4693 1674 4746 si
1699 4693 1965 4748 dicamus

409 4908 464 4967 ω’
489 4914 652 4968 Tom.
691 4912 760 4979 lI,
794 4908 904 4964 col.
937 4910 1064 4976 5l3,
1094 4909 1248 4964 Diss.
1283 4908 1365 4964 Cl.
1405 4908 1704 4963 Muratorii
1754 4909 1823 4964 de
1877 4908 1961 4963 Li-

304 4993 468 5057 turg.
500 4985 765 5057 Romana
798 4987 1003 5037 vetere.

381 5050 455 5128 (ἔ)
485 5056 659 5111 Conc.
689 5056 915 5128 Rom._r
940 5053 1050 5109 sub
1082 5050 1310 5128 Gelasio
1342 5051 1581 5128 adann.
1618 5051 1748 5128 494,Δ
1773 5051 1829 5128 in
1864 5052 1963 5105 de-

298 5122 467 5185 creto
502 5129 570 5182 de
604 5126 959 5198 apocryphis
991 5122 1323 5198 scripturis,
1358 5122 1438 5198 ibi
1471 5140 1482 5177 :
1516 5124 1649 5198 Item
1679 5139 1696 5175 :
1728 5123 1963 5198 Itinera:

299 5202 463 5256 rium
503 5194 731 5255 nomine
785 5194 932 5251 Petri
980 5196 1229 5262 apostoli,
1263 5194 1401 5265 quod
1429 5194 1748 5264 appellatur
1786 5196 1966 5250 sancti

301 5271 625 5341 Clementis,
653 5268 786 5325 libri
816 5277 928 5324 octo
951 5267 1107 5339 (aliis
1136 5282 1347 5333 novem,
1376 5272 1478 5321 aut
1504 5267 1712 5337 decem)
1735 5283 1962 5338 apocry~

343 5346 498 5399 hum.

295 5363 498 5418 puum.

380 5417 459 5487 (ά)
490 5416 569 5470 De
604 5414 969 5487 Lee-egrae-

380 5480 453 5559 (θ)
485 5488 592 5542 Pro
624 5480 707 5541 ΜῙ
734 5480 991 5538 Marcell.
1029 5499 1103 5534 1x.

380 5552 447 5631 (ί)
483 5560 544 5614 In
573 5561 919 5631 Arte__poet.,
952 5570 1101 5631 vers.
1142 5552 1259 5631 ἀρᾷ,

490 5630 675 5702 Epist.
708 5624 811 5681 lib.
845 5645 903 5693 ιι,
930 5630 1152 5702 Al,_vers
1182 5624 1302 5677 165.

377 5697 461 5776 (li)
498 5697 558 5757 in
590 5718 610 5756 1
638 5701 708 5776 de
734 5703 896 5776 Orat,
917 5697 1051 5776 241.

491 5772 717 5829 ίΕῑιοὶά.
751 5786 807 5839 v,
838 5769 966 5826 710.

409 4842 471 4913 a)
502 4846 630 4896 Rer.
662 4840 908 4909 Liturg.,
946 4838 1046 4893 lib.
1082 4855 1121 4900 1,
1155 4853 1281 4907 cap.
1319 4836 1405 4905 l2,
1441 4852 1498 4890 n.
1532 4838 1584 4890 6.

383 4844 458 4985 ξω
489 4914 652 4968 Tom.
691 4912 760 4979 lI,
794 4911 904 4964 col.
937 4910 1064 4976 5l3,
1094 4909 1248 4964 Diss.
1283 4908 1365 4964 Cl.
1405 4908 1584 4963 Murat

2077 4694 2277 4750 fuisse.
2310 4692 2373 4746 Id
2396 4696 2461 4746 ut
2487 4691 2716 4763 plenius
2749 4692 3074 4750 innotescat
3106 4698 3408 4754 sciendum
3434 4705 3541 4767 est,
3567 4707 3724 4771 post-

2141 4838 2207 4909 (j)
2233 4836 2369 4892 Litt.
2404 4836 2473 4898 N,
2508 4837 2565 4890 in
2599 4838 2883 4893 Nascendo
2933 4855 3065 4909 esse,
3098 4856 3127 4893 e
3163 4841 3296 4911 Leg.
3334 4842 3722 4912 Langobard.,

2072 4906 2175 4963 lib.
2212 4926 2273 4975 ιι,
2308 4908 2398 4964 tit.
2429 4909 2518 4975 21,
2552 4911 2578 4975 §
2608 4908 2659 4961 9.

2096 4908 2175 4963 ib.
2212 4926 2273 4976 ιι,
2308 4908 2398 4964 tit.
2429 4909 2518 4977 21,
2552 4911 2578 4975 §
2608 4908 2659 4961 9.

2143 4980 2506 5054 (1;)Habetur
2556 4980 2782 5043 eadem,
2828 4985 2928 5033 aut
2977 4978 3170 5036 afﬁnis
3222 4984 3515 5038 sententia
3563 4987 3715 5054 apud

2072 5056 2345 5125 sanctum
2392 5051 2638 5125 Leonem
2692 5054 3012 5125 sermonel
3050 5054 3119 5107 de
3144 5054 3329 5125 Natali
3381 5051 3719 5125 apostolor.,

2074 5123 2163 5177 his
2194 5122 2383 5195 verbis
2418 5140 2429 5176 :
2468 5124 2657 5177 Verum
2688 5123 2953 5177 hodierna
2990 5124 3264 5193 festivitas
3298 5122 3467 5195 (Petri
3502 5122 3725 5184 scilicet

2073 5200 2128 5249 et
2158 5194 2344 5267 Pauli)
2389 5204 2595 5263 praeter
2628 5195 2792 5248 illam
2824 5200 3185 5251 reverentiam
3214 5194 3380 5267 quam
3409 5202 3516 5252 toto
3549 5208 3723 5254 terra-

2072 5284 2195 5320 rum
2218 5266 2344 5339 crbe
2364 5268 2686 5335 promeruit,
2718 5266 2950 5337 speciali
2976 5272 3029 5321 et
3054 5266 3289 5339 propria
3318 5274 3535 5324 nostra“:
3560 5272 3723 5329 urbis

2074 5336 2459 5413 exsultatione
2488 5336 2816 5413 veneranda
2860 5343 2987 5404 est;
3033 5336 3097 5413 ut
3151 5336 3247 5395 ubi
3280 5342 3721 5413 ipraacipuorum

2074 5408 2853 5487 apostolorumglorificatus
2876 5416 2962 5487 est
2985 5408 3368 5481 exitus,ibi'in
3394 5408 3487 5468 die
3513 5421 3724 5487 marty-

2075 5482 2365 5557 rii_evrum
2384 5480 2693 5557 _sit_l_aetitize
2710 5481 3095 5551 principatus.
3112 5480 3465 5557 Muratorius
3487 5480 3723 5557 quoque

2073 5552 2337 5620 (Dissert.
2366 5552 2436 5605 de
2471 5552 2589 5606 Vet.
2628 5552 2875 5625 Liturg.,
2909 5568 3036 5625 cap.
3070 5557 3122 5622 3,
3157 5556 3263 5611 col.
3305 5558 3391 5625 18)
3422 5552 3551 5613 eam
3585 5552 3724 5613 con-

2073 5625 2448 5697 testationem
2485 5639 2669 5693 usque
2701 5624 2770 5677 ad
2796 5624 3268 5684 verba’nascendo
3292 5624 3445 5697 civis,
3482 5630 3725 5687 Leonis-

2075 5712 2209 5751 nam
2244 5694 2482 5767 phrasin
2507 5711 2711 5767 sapere
2744 5696 2956 5753 innuit.
