4186 6326
477 391 585 449 647

1324 381 1670 439 ADDBNDA
1707 376 1804 436 AD
1841 377 2186 447 QUOSDAM
2220 378 2760 436 PRECRDENTBS
2790 378 3051 436 TOMOS.

3788 383 3899 439 648

476 515 885 589 quam,sedato
909 503 1896 585 persecutionumturbine,reddita
1910 501 2132 557 fuitEc-
2161 503 2216 571 Α
2246 502 2471 559 incerta
2497 506 2555 559 et
2584 518 2798 560 sensus
2826 503 3226 576 integritatem
3257 520 3372 560 non
3404 504 3706 575 habentia,
3737 522 3899 564 cura-

476 606 666 663 clesiie
681 621 782 677 per
795 600 1241 660 Constantinum
1255 612 1596 672 pax,sparsa
1609 592 1874 649 ﬁdelium
1890 590 2128 660 animis,

2239 594 2319 648 vit
2331 592 2629 662 Gregorius
2642 592 3007 649 rationabilia
3020 609 3247 665 quaeque
3259 593 3587 663 coadunare,
3607 604 3681 663 et,
3700 595 3903 652 seclu-

473 697 691 768 diuque
712 684 2132 764 occlusapietatisseminaillicoerumpere,atque
2239 681 2323 737 sis
2370 681 2444 736 iis
2489 697 2613 752 quas
2652 681 2740 737 vel
2790 682 2975 737 nimia
3002 683 3092 738 vel
3145 683 3501 740 inconcinna
3527 684 3902 755 videbantur,

473 786 532 840 in
565 786 689 839 dies
720 797 977 838 crescere
1006 779 1273 851 ccepisse,
1298 780 1408 832 Deo
1440 774 1665 831 scilicet
1698 772 2129 827 incrementum

474 875 669 931 dante.
702 873 844 928 [line
892 887 1051 927 novae
1085 868 1304 925 sensim
1336 866 1396 921 in
1425 862 1682 920 Ecclesia
1715 876 1934 933 preces,
1969 875 2128 915 novae

470 965 731 1022 divinam
764 977 932 1034 opem
964 956 1322 1031 implorandi
1355 952 1644 1019 formulae,
1676 967 1825 1005 nova
1873 950 2127 1020 denique

474 1054 807 1111 orationum
838 1049 1248 1121 liturgicarum
1282 1061 1449 1116 seges
1470 1046 1667 1099 exorta
1684 1044 1791 1106 est,
1815 1038 1930 1108 cui,
1952 1044 2018 1094 ut
2041 1040 2124 1104 ﬁt,

475 1143 746 1201 nonnihil
796 1141 969 1197 etiam
1006 1138 1254 1194 infelicis
1284 1135 1404 1193 lolii
1439 1132 1743 1190 succrevit.
1775 1133 2122 1201 Quanquam

473 1233 629 1289 enim
656 1249 732 1289 ere
753 1246 951 1303 preces
976 1247 1008 1283 a
1028 1227 1165 1282 viris
1196 1225 1384 1281 doctis
1426 1224 1486 1278 in
1526 1238 1653 1278 eam
1686 1236 1807 1275 rem
1841 1218 2123 1275 adhibitis

473 1321 951 1395 frequentissime
965 1318 1405 1376 ordinarentur:
1422 1311 1715 1371 nonnullae
1731 1316 1925 1367 tamen
1940 1310 2122 1382 pieta-

470 1414 547 1469 tis
565 1414 759 1485 potius
774 1427 941 1482 quam
954 1408 1229 1464 doctrinae
1245 1406 1542 1462 studiosos
1558 1405 1825 1458 auctores
1838 1399 2118 1466 habuere;

472 1507 647 1573 atque
686 1501 823 1557 hinc
870 1500 1091 1554 factum
1134 1500 1199 1552 ut
1237 1494 1493 1567 plurima
1534 1489 1987 1561 aut“superﬂua,
2021 1492 2122 1543 aut

470 1593 1056 1662 incerta,parumque
1077 1603 1211 1642 cum
1233 1584 1367 1640 aliis
1390 1580 1744 1638 cohaerentia
1765 1595 1896 1633 cum
1921 1580 2121 1633 aucto-

470 1696 624 1745 rum,
645 1683 773 1734 tum
815 1678 992 1733 etiam
1044 1674 1513 1747 antiquariorum
1534 1670 1673 1726 vitio
1694 1669 1752 1723 in
1776 1668 2016 1725 Codices
2048 1666 2117 1721 li-

467 1770 726 1844 turgicos
757 1769 1098 1840 irreperent.

542 1903 686 1959 Huic
717 1903 895 1969 malo,
927 1903 1082 1974 quod
1115 1905 1377 1971 tempore
1438 1897 1788 1969 procedente
1819 1893 1931 1950 alte
1958 1894 2015 1948 in
2052 1894 2118 1949 li-

466 1995 674 2066 turgiie
714 1993 993 2048 interiora
1033 1990 1437 2055 descenderat,
1464 1988 1590 2058 jam
1639 1986 1774 2040 inde
1824 2002 1858 2038 a
1906 1984 2117 2040 saeculo

466 2089 700 2155 quarto,
723 2086 826 2137 aut
856 2081 1093 2136 ineunte
1125 2078 1332 2150 quinto
1363 2093 1465 2149 per
1491 2073 1916 2131 ecclesiasticas
1959 2073 2118 2145 leges

468 2171 689 2228 mederi
721 2174 979 2242 emptum
1011 2169 1140 2224 fuit.
1180 2169 1378 2238 Itaque
1406 2163 1635 2220 concilii
1669 2162 1981 2218 Milevitani
2012 2168 2116 2218 Pa-

464 2265 586 2316 tres
624 2276 733 2316 :ne
762 2263 906 2330 forte
954 2257 1086 2329 quid
1130 2259 1317 2312 contra
1361 2255 1527 2325 ﬁdem
1570 2268 1669 2323 per
1715 2252 2113 2323 ignorantiam,

462 2353 561 2406 aut
589 2349 775 2404 minus
805 2348 1055 2403 studium
1085 2353 1526 2415 componeretur,
1544 2347 1610 2397 ut
1629 2342 1741 2413 ipsi
1764 2340 2114 2410 loquuntur,

459 2438 649 2511 legem
679 2437 911 2493 edixere
950 2453 962 2491 :
989 2453 1060 2490 ne
1087 2434 1297 2490 scilicet
1323 2448 1529 2505 preces,
1559 2440 1653 2487 aut
1684 2430 1964 2486 orationes
2001 2430 2114 2483 ali-

458 2542 606 2599 qua},
628 2528 741 2583 sive
760 2524 1148 2597 Praefationes,
1167 2522 1281 2578 sive
1311 2519 1826 2588 commendationes,
1847 2519 1963 2574 sive
1990 2535 2112 2574 ma-

456 2632 634 2672 nuum
664 2617 1037 2687 impositiones
1070 2616 1128 2670 in
1155 2614 1387 2668 ecclesia
1412 2612 1759 2673 dicerentur,
1788 2610 1902 2665 nisi
1932 2627 2049 2681 qua:
2079 2627 2113 2664 a

456 2705 908 2779 prudentioribus
957 2708 1222 2770 tractata,
1257 2703 1340 2758 vel
1390 2701 1449 2756 in
1500 2700 1703 2772 synodo
1751 2700 2112 2767 comprobatae

454 2796 671 2865 fuerint
691 2794 791 2866 (a),
812 2793 967 2865 quod
994 2797 1051 2847 et
1070 2792 1267 2864 ipsum
1290 2792 1350 2845 in
1373 2790 1571 2846 codice
1601 2805 1894 2844 canonum
1926 2788 2114 2845 Eccle-

456 2884 558 2939 siae
580 2883 865 2937 Africanae
890 2882 983 2953 (b),
1009 2885 1185 2952 atque
1217 2880 1274 2933 in
1308 2878 1504 2950 aliquo
1534 2895 1603 2933 ex
1631 2876 2111 2949 Carthaginensi-

453 2973 566 3028 bus
588 2971 878 3039 conciliis,
902 2975 1055 3025 teste
1086 2968 1409 3025 Walafrido
1442 2968 1727 3024 Strabone
1756 2967 1851 3039 (c),
1870 2973 2108 3023 cautum

455 3062 683 3135 pridem
730 3062 941 3117 fuerat.
993 3058 1293 3114 Gelasium
1350 3074 1586 3129 quoque
1635 3073 1846 3129 papam
1896 3057 2108 3113 saeculo

454 3151 661 3223 quinto
692 3154 939 3207 exeunte
962 3149 1020 3205 in
1046 3149 1201 3204 idem
1221 3147 1486 3203 studium
1520 3146 1884 3215 incubuisse,
1907 3147 2108 3202 Sacra-

451 3240 804 3297 mentarium
829 3240 957 3311 ejus
972 3238 1207 3294 nomine
1224 3238 1573 3309 inscriptum
1587 3240 1857 3304 testatur;
1875 3235 1930 3290 id
1948 3237 2103 3307 quod
2140 3244 2183 3311 ο

451 3329 608 3386 idem
630 3330 836 3384 Strabo
854 3333 1031 3400 atque
1047 3326 1396 3382 Anastasius
1419 3325 1803 3395 conﬁrmant;
1828 3322 1925 3379 ille
1946 3323 2101 3379 enim

446 3418 744 3475 Gelasium
789 3427 903 3474 tam
930 3434 971 3475 a
998 3434 1057 3473 se
1105 3433 1272 3487 quam
1302 3416 1369 3471 ab
1400 3415 1533 3471 aliis
1566 3414 1892 3485 compositas
1918 3429 2103 3484 preces

446 3508 736 3565 ordinasse
791 3506 892 3577 (d),
942 3506 1037 3561 hic
1084 3522 1219 3561 vero
1279 3504 1527 3574 scriptor
1568 3519 1583 3558 :
1623 3504 2103 3559 Sacramentorum

446 3598 804 3670 praefationes
835 3604 993 3651 cauto
1020 3610 1270 3651 sermone
1288 3594 1359 3665 [e]
1382 3594 1465 3664 (id
1498 3596 1587 3648 est
1617 3608 1751 3648 cum
1784 3590 2012 3648 delectu
2044 3597 2104 3648 et

447 3686 649 3742 critice
667 3686 947 3741 adversus
968 3685 1430 3740 obtrectatorum
1453 3681 1750 3753 ictus,quo
1774 3698 1951 3737 sensu
1970 3698 2097 3737 eam

444 3792 640 3832 vocem
676 3774 894 3830 alicubi
926 3774 994 3848 [f]
1032 3774 1305 3829 Horatius
1337 3771 1667 3843 usurpavit)
1696 3772 2101 3844 composuisse

447 3864 738 3938 perbibet.

514 4000 595 4057 De
620 4003 825 4055 sancto
849 3996 1127 4069 Gregorio
1151 3996 1380 4067 Magno,
1408 3994 1507 4066 qui
1533 4011 1648 4049 non
1675 3994 1871 4049 minus
1894 3995 2098 4051 sedulo

441 4087 889 4162 quamGelasius
904 4092 1005 4142 aut
1019 4086 1240 4158 priores
1255 4084 1335 4139 illi
1348 4086 1542 4140 Patres
1557 4085 1568 4137 i
1581 4102 1613 4138 n
1628 4084 1885 4138 eamdem
1902 4101 2099 4140 curam

443 4176 1095 4248 incubuit,locupletem
1120 4175 1407 4231 babemus
1426 4179 1635 4229 testem
1655 4173 1940 4228 Joannem
1965 4174 2095 4229 Dia-

443 4283 661 4322 conum
710 4268 768 4321 in
820 4266 1009 4338 ipsius
1035 4266 1165 4320 Vita
1205 4265 1353 4321 :Sed
1403 4267 1451 4320 et
1503 4263 1853 4319 Gelasianum
1884 4263 2098 4335 (inquit

443 4355 543 4428 [g])
574 4355 826 4412 Codicem
874 4355 938 4409 de
984 4357 1286 4410 missarum
1329 4352 1847 4419 solemniisfmulta
1872 4355 2095 4409 subtra-

438 4445 595 4511 hens,
617 4459 792 4514 pauca
823 4446 1161 4512 convertens,
1193 4444 1467 4496 nonnulla
1510 4442 1777 4513 adjiciens
1801 4459 1899 4514 pro
1928 4459 2096 4514 expo-

434 4532 632 4589 nendis
653 4530 986 4603 euangelicis
1017 4531 1365 4600 lectionibus,
1388 4532 1444 4585 in
1468 4532 1634 4586 unius
1662 4532 1799 4587 libri
1816 4533 2096 4588 volumine

2236 772 2541 842 composuit
2566 771 2773 826 librum
2793 772 2893 842 qui
2910 771 3114 827 dicitur
3133 772 3641 845 Sacramentorum,
3664 777 3812 832 sicut
3833 793 3906 833 ea:

2236 859 2403 917 titulo
2423 861 2541 932 ejus
2563 860 3020 932 manifestissime
3050 861 3393 918 declaratur.

2307 950 2451 1005 Cum
2476 950 2674 1022 itaque
2704 951 2945 1006 omnino
2962 952 3385 1008 extradubium
3403 951 3500 1023 sit,
3517 952 3827 1011 Gelasium
3850 959 3907 1011 et

2235 1040 2580 1112 Gregorium
2607 1057 2706 1097 eos
2728 1041 2985 1097 maxime
3006 1040 3112 1096 litu
3124 1041 3311 1114 rgicos
3328 1042 3569 1099 Codices
3588 1044 3905 1102 ordinasse

2234 1130 2479 1202 atquein
2497 1131 2795 1187 meliorem
2822 1132 3072 1187 formam
3096 1132 3422 1203 reduxisse,
3446 1134 3665 1204 quibus
3688 1135 3893 1191 Eccle-

2233 1222 2321 1277 sia
2349 1226 2613 1277 Romana
2641 1223 2953 1291 utebatur;
2988 1239 3093 1279 nec
3118 1224 3383 1295 potuisse
3432 1224 3579 1282 alios
3629 1226 3747 1282 nisi
3793 1229 3897 1298 qui

2233 1310 2493 1382 priorum
2514 1313 2856 1383 pontificum
2877 1314 3242 1383 temporibus
3264 1314 3582 1386 conscripti
3615 1316 3896 1384 fuissent,

2230 1401 2385 1471 quod
2419 1405 2737 1473 utrumque
2769 1401 3086 1457 Veronensi
3117 1404 3582 1459 Sacramentario
3614 1422 3683 1461 ex
3717 1405 3895 1461 Blan-

2229 1490 2386 1545 cbini
2411 1490 2497 1562 (τ’),
2522 1490 2822 1545 Muratorii
2853 1491 2943 1561 (j),
2975 1499 3029 1546 el
3058 1490 3308 1546 aliorum
3335 1491 3413 1563 (k)
3447 1494 3743 1549 sententia
3776 1496 3898 1550 mi-

2228 1580 2388 1635 rifice
2436 1580 2727 1652 congruit.
2765 1585 3046 1636 Praeterea
3088 1597 3246 1648 cum,
3275 1581 3433 1637 sicut
3462 1599 3532 1638 ex
3561 1582 3895 1641 Walairido

2228 1669 2568 1738 didicimus,
2604 1670 2833 1735 incerta,
2885 1670 3239 1741 inconcinna,
3284 1672 3532 1743 maleque
3576 1688 3703 1728 cum
3750 1676 3887 1730 aliis

2225 1758 2555 1815 cohazrentiu
2588 1758 2854 1815 Gelasius
2883 1764 2940 1815 et
2969 1759 3285 1832 Gregorius
3328 1777 3396 1817 ex
3440 1762 3889 1834 antiquioribus

2150 1880 2200 1946 Β
2224 1849 2495 1903 Romanis
2527 1848 2795 1903 Ecclesiae
2821 1848 3304 1905 Sacramentariis
3326 1850 3745 1921 sustulissent;
3777 1870 3891 1910 ne-

2224 1954 2339 2009 que
2369 1937 2622 2009 amplius
2649 1939 2771 2008 jam
2792 1937 2850 1991 in
2872 1936 3179 1993 Gelasiano
3212 1939 3528 1995 cardinalis
3555 1940 3891 2004 Thomasii.

2224 2031 2325 2082 aut
2354 2028 2414 2082 in
2447 2027 2661 2099 triplici
2693 2027 3048 2100 Gregoriano
3080 2028 3343 2096 Pamelii,
3379 2029 3644 2099 Rocchaa,
3675 2037 3735 2087 et
3766 2036 3888 2087 Me-

2224 2118 2389 2172 nardi
2437 2117 2643 2173 Codice
2689 2118 2866 2174 verba
2913 2117 3014 2173 illa
3070 2119 3339 2175 nascendo
3392 2119 3551 2188 civis,
3607 2120 3725 2177 imo
3777 2138 3888 2178 nec

2224 2206 2628 2263 Laurentianus
2660 2208 2877 2275 misere,
2899 2208 2972 2263 de
2992 2224 3110 2279 qua
3132 2209 3377 2278 agimus,
3403 2212 3759 2267 Contestatio
3792 2230 3888 2269 re-

2224 2296 2530 2367 periantur
2560 2313 2575 2354 :
2609 2314 2976 2370 consequens
3026 2298 3221 2354 omnio
3274 2298 3397 2355 fieri
3448 2299 3699 2369 videtur,
3736 2319 3890 2358 non-

2223 2388 2370 2443 nihil
2417 2390 2478 2443 in
2529 2405 2597 2444 ea
2644 2390 3081 2445 Contestatione
3125 2390 3235 2461 (vel
3268 2392 3315 2446 si
3348 2391 3539 2464 ipsam
3571 2394 3642 2448 ad
3674 2395 3889 2452 Leonis

2220 2482 2483 2548 tempora
2532 2494 2665 2533 cum
2718 2477 3040 2534 Blancbino
3085 2480 3437 2550 referamus)
3465 2484 3758 2553 incertum,
3792 2488 3888 2539 in-

2219 2570 2572 2638 concinnum,
2600 2576 2697 2623 aut
2742 2568 2895 2623 male
2946 2585 3080 2623 cum
3127 2569 3260 2625 aliis
3289 2586 3418 2641 qua
3449 2570 3740 2628 Historica
3772 2574 3890 2630 fide

2221 2658 2496 2712 nituntur
2524 2658 2802 2713 cohaerens
2828 2675 2861 2713 a
2890 2657 3119 2715 Gelasio
3151 2664 3207 2715 et
3236 2660 3515 2731 Gregorio
3545 2662 3884 2733 deprehen-

2220 2763 2353 2801 sum
2370 2746 2653 2814 fuisse,ob
2669 2748 2822 2818 quod
2840 2746 3004 2803 illam
3024 2747 3354 2819 eliturgicis
3369 2748 3535 2805 libris
3552 2752 3884 2821 proscribe-

2220 2840 2372 2891 rent.
2397 2836 2544 2901 Quid
2572 2840 2769 2891 autem
2815 2836 2895 2906 id,
2921 2853 3144 2908 quaeso,
3168 2837 3281 2892 nisi
3311 2839 3488 2893 verba
3518 2838 3620 2894 illa
3647 2856 3883 2896 nascen-

2217 2925 2284 2980 do
2313 2923 2490 2985 civis;
2541 2940 2673 2979 cum
2726 2924 2884 2996 quod
2934 2924 3228 2996 reliquum
3279 2926 3738 2983 Contestationis
3787 2934 3880 2985 est

2218 3012 2365 3069 nihil
2413 3013 2806 3085 incongruum
2861 3014 3181 3081 contineat,
3233 3014 3546 3087 Magnique
3595 3022 3883 3087 praeterea

2220 3101 2428 3157 Leonis
2451 3101 2668 3173 stylum
2692 3118 2758 3157 ac
2781 3100 3109 3157 doctrinam
3135 3103 3347 3175 sapiat,
3372 3108 3438 3159 ut
3468 3104 3695 3176 pridem
3724 3106 3881 3163 dice-

2219 3188 2475 3245 bamus?

2289 3279 2423 3334 Jam
2449 3295 2581 3334 vero
2630 3278 2679 3335 si
2728 3282 2961 3335 nostras
2994 3278 3099 3334 has
3131 3295 3320 3352 nugas
3353 3279 3716 3338 Blanchinus
3747 3300 3880 3341 esse

2212 3368 2432 3441 aliquid
2468 3368 2774 3442 putaverit,
2807 3385 2874 3425 eo
2901 3370 3138 3424 demum
3189 3370 3311 3426 hac
3356 3370 3558 3427 omnia
3607 3382 3878 3445 spectare

2210 3458 2595 3525 existimabit,
2628 3462 2693 3513 ut
2724 3459 2917 3514 verbis
2949 3458 3067 3514 illis
3096 3460 3369 3515 nascendo
3396 3462 3554 3529 civis,
3588 3479 3692 3518 seu
3728 3481 3875 3536 spu-

2209 3548 2315 3605 riis
2346 3565 2411 3603 ac
2444 3547 2627 3604 textui
2660 3547 3055 3616 subinductis,
3090 3548 3310 3606 nullam
3343 3566 3590 3622 prorsus
3620 3552 3743 3609 vim
3772 3559 3878 3611 aut

2210 3638 2373 3693 fidem
2390 3638 2583 3693 inesse
2598 3637 3229 3709 asseramus,hancque
3243 3640 3644 3711 responsionis
3657 3648 3877 3700 nostris

2208 3743 2505 3782 summam
2530 3728 2713 3796 ferre;
2748 3726 2891 3793 imo,
2913 3743 3030 3798 qua
3051 3734 3143 3783 est
3164 3728 3531 3800 providentia
3554 3746 3621 3786 ac
3645 3734 3875 3805 sagaci-

2207 3820 2327 3872 tate
2349 3816 2459 3884 vir,
2484 3832 2551 3871 ex
2570 3815 2701 3887 ipsa
2721 3815 2900 3871 etiam
2925 3816 3306 3887 responsione
3322 3820 3743 3891 urgentissime
3762 3824 3879 3877 ad-

2206 3921 2413 3960 versus
2444 3922 2551 3960 nos
2583 3903 2914 3960 eliciturum
2953 3923 2965 3961 :
2998 3921 3121 3961 eum
3158 3908 3376 3978 saltem,
3409 3910 3507 3981 qui
3533 3909 3701 3965 verba
3728 3926 3875 3965 ms-

2206 4011 2389 4049 CENDO
2420 4010 2566 4049 cms
2597 3993 2787 4051 Codici
2815 3994 3093 4066 adjunxit;
3125 3997 3416 4068 locumque
3436 3998 3500 4053 de
3519 4015 3630 4070 quo
3647 4002 3872 4070 agimus

2205 4083 2423 4138 vitiavit
2441 4087 2539 4138 aut
2566 4084 2938 4154 interpolavit,
2961 4086 3073 4155 iam
3090 4084 3155 4140 de
3176 4086 3472 4143 Laurentii
3488 4090 3683 4159 patria
3701 4088 3872 4145 dubi-

2204 4178 2385 4239 tasse;
2432 4174 2709 4244 quodque
2755 4173 2892 4228 huic
2940 4174 3272 4245 proximum
3321 4181 3454 4244 est;
3495 4179 3620 4249 jam
3670 4177 3804 4233 inde
3833 4196 3870 4234 a

2204 4263 2402 4318 swculo
2448 4265 2652 4332 octavo,
2685 4270 2781 4317 aut
2827 4265 3047 4319 ineunte
3092 4280 3256 4334 nono,
3290 4281 3395 4337 quo
3430 4268 3736 4323 Veronense
3764 4269 3869 4322 Sa-

2203 4354 2637 4407 cramentarium
2668 4357 2964 4407 exaratum
2993 4352 3221 4422 dicitur,
3252 4354 3320 4410 de
3350 4356 3641 4412 Laurentii
3675 4357 3868 4429 patria

2204 4444 2264 4497 in
2294 4450 2582 4512 utramque
2608 4445 2826 4513 partem
2854 4442 3197 4513 disputatum
3224 4445 3419 4513 fuisse.

2276 4530 2509 4585 Satisne
2548 4535 2742 4585 autem
2795 4531 2915 4585 sint
2962 4548 3091 4602 quae
3141 4533 3518 4600 adduximus,
3558 4540 3625 4589 ut
3653 4551 3866 4591 eorum

435 4622 773 4679 coarctavit:
801 4621 941 4692 quid
968 4624 1162 4675 autem
1186 4635 1255 4674 ex
1277 4619 1563 4691 liturgicis
1585 4619 1751 4675 libris
1782 4622 2096 4693 Gregorius
2124 4624 2174 4687 D
2204 4620 2512 4675 verborum
2540 4619 2685 4674 ﬁdos
2716 4620 2775 4674 in
2810 4620 3152 4676 universum
3174 4624 3538 4694 traducatur,
3566 4624 3863 4681 lectorum

437 4709 1052 4776 subtraxerit,indicat
1077 4708 1435 4765 Walafridus
1452 4709 1579 4765 loco
1599 4711 1706 4764 cite
1718 4714 1797 4781 to,
1823 4711 2092 4781 inquiens

2200 4708 2310 4764 erit
2368 4708 2675 4763 arbitrium
2710 4714 2885 4780 atque
2909 4710 3303 4779 existimatio;
3337 4713 3507 4767 nobis
3540 4713 3713 4785 longe
3744 4714 3866 4771 alia

436 4804 511 4875 (ἡ)
542 4816 555 4856 :
588 4801 647 4856 Et
677 4798 811 4871 quia
834 4810 946 4855 tam
966 4799 1190 4854 incertis
1219 4800 1539 4855 auctoribus
1566 4800 1743 4854 multa
1764 4799 2090 4856 videbantur
2199 4815 2365 4853 mens
2395 4801 2504 4869 est,
2530 4815 2709 4869 quam
2735 4803 2799 4853 ut
2830 4798 2937 4854 hac
2959 4799 3049 4854 via
3073 4799 3377 4856 Blancbini
3410 4802 3722 4858 conatibus
3755 4819 3859 4859 oc-

504 4916 583 4989 (a)
606 4915 867 4989 Canst2,
899 4920 1043 4971 tom.
1080 4914 1331 4971 III.Coll.
1364 4915 1663 4970 concilior.
1698 4916 1900 4989 Labb.,
1934 4918 2082 4973 Edit.

433 4988 664 5043 Venetas
689 4988 797 5044 col.
821 4989 947 5042 383.
972 4990 1264 5042 Incertum
1296 4992 1494 5041 tamen
1518 4992 1607 5042 est
1628 5004 1700 5041 an
1724 4988 1775 5041 is
1797 5005 1983 5043 canon
2016 4993 2085 5046 ad

431 5076 472 5125 ι,
508 5078 579 5115 an
611 5061 681 5115 ad
734 5079 748 5114 ι
782 5060 1195 5132 Milevitanumg
1214 5058 1534 5132 concilium
1588 5060 1811 5132 referri,
1840 5060 2085 5132 debeat;

431 5131 737 5186 binaenim
757 5131 946 5186 baecin
968 5130 2086 5200 unum,librariorum,autcollectorum

432 5204 682 5274 incuria,
707 5205 1022 5274 conjuncta
1053 5208 1211 5257 sunt.
1237 5202 1382 5257 Vide
1403 5203 1578 5274 Labb.
1600 5203 1740 5257 ibid.
1764 5208 1820 5258 et
1842 5206 1899 5260 in
1923 5223 2084 5262 conc.

431 5273 622 5328 Milev.
657 5291 699 5340 1,
731 5273 996 5345 ejusdem
1030 5279 1174 5329 tom.
1208 5274 1311 5338 III,
1345 5273 1431 5328 col
1464 5276 1552 5327 83.

505 5346 774 5469 ῳὶῐῂιίιιά
827 5346 1030 5412 Labb.,
1086 5351 1228 5401 tom.
1281 5345 1355 5400 111
1388 5345 1532 5400 Coll.
1567 5361 1755 5412 conc.,
1789 5346 1897 5401 col.
1930 5349 2087 5419 1336,

432 5417 545 5469 sub
578 5417 707 5470 init.

502 5486 573 5556 (c)
607 5487 733 5541 Lib.
766 5487 837 5541 de
870 5487 1009 5541 Reb.
1046 5486 1481 5549 ecclesiasticis,
1517 5503 1643 5557 cap.
1672 5486 1761 5541 22.
1797 5489 1943 5545 Edit.
1979 5492 2087 5548 Ro-

432 5573 616 5611 mana
653 5574 786 5612 ann.
822 5559 984 5626 1591,
1018 5575 1149 5629 pag.
1187 5560 1311 5622 346,
1345 5563 1452 5613 col.
1479 5561 1531 5612 2.
1571 5558 1790 5629 Ideoque
1816 5562 2090 5621 credimus

429 5628 555 5699 (ait)
587 5629 850 5706 conciliis
897 5628 1337 5706 Carthaginensi
1366 5639 1417 5706 et
1449 5628 1762 5706 Milevitana
1791 5637 2086 5706 statutum,

425 5705 486 5775 ut
506 5717 690 5773 preces
714 5704 764 5775 et
786 5702 1133 5755 orationes...
1159 5702 1270 5757 nisi
1295 5703 1542 5774 probata:
1565 5701 1790 5775 fuerint
1813 5706 1872 5760 in
1897 5701 2088 5765 (lanci;

429 5772 526 5846 lio,
559 5790 677 5832 non
704 5772 1040 5830 dicerentur.

2268 4914 2347 4981 (ά)
2377 4914 2525 4988 Loco
2555 4914 3125 4988 proximeallegato.

2268 4989 2336 5053 (e)
2373 4988 2433 5040 ln
2466 4986 2597 5042 Vita
2626 4987 2866 5042 Gelasii.

2268 4991 2318 5053 (e
2373 4989 2433 5040 In
2466 4989 2597 5042 Vita
2626 4989 2843 5042 Gelasii

2266 4989 2336 5129 (lg
2361 5062 2505 5127 Art.,
2535 5075 2665 5114 vers
2693 5060 2801 5112 266
2836 5076 2847 5111 :

2889 5138 3076 5192 Tutus
3105 5140 3164 5191 et
3192 5139 3345 5193 infra

2446 5209 2621 5279 Spem
2654 5209 2833 5264 veniae
2861 5214 3090 5265 cautus.

2267 5289 2341 5363 (gl
2372 5291 2447 5363 _In_
2470 5288 2597 5363 Vita
2620 5289 2799 5363 Greg.
2836 5290 3051 5363 Magni,
3086 5289 3189 5363 lib.
3221 5303 3283 5357 ιι,
3315 5306 3442 5363 cap.
3478 5291 3565 5345 17.

2266 5360 2490 5485 ξὴζὶῐαὶι).
2519 5361 2589 5415 de
2620 5360 2769 5417 Rebf
2792 5360 3226 5431 ecclesiasticis,
3261 5360 3515 5433 capf22,
3550 5378 3683 5435 pag.
3719 5364 3852 5431 346,

2198 5449 2306 5486 COl.
2339 5449 2392 5486 Ζ.

2232 5448 2432 5577 Οέἒίῗη
2462 5502 2706 5577 praefixo;
2732 5503 2853 5577 eid.
2889 5503 3080 5567 titulo,
3115 5508 3258 5559 tom.
3294 5504 3369 5559 IV
3399 5507 3629 5572 Anast.,
3664 5524 3721 5577 p.
3766 5510 3856 5562 l2.

2269 5574 2537 5649 (j)‘l_)iss.r
2564 5575 2633 5649 de
2685 5575 2904 5647 Liturg.
2942 5577 3104 5630 Rom.
3140 5580 3331 5631 vetere
3378 5581 3520 5633 tom.
3558 5579 3601 5642 Ι,
3634 5574 3763 5649 cap.
3796 5580 3862 5648 3,

2198 5645 2812 5843 COlgi)‘}811:lfStei?.AmQPt
2850 5719 3002 5843 apud
3052 5719 3335 5774 Acamum
3359 5721 3419 5775 P.
3444 5720 3561 5793 1ῃὲ
3594 5722 3677 5791 14,
3713 5738 3854 5793 pag.

2200 5789 2268 5843 14
2314 5833 2329 5843 .
2357 5792 2414 5843 et
2444 5793 2701 5843 Acamas
2734 5805 2858 5843 inse
2940 5832 2950 5843 .
2986 5807 3024 5843 ι.
3056 5791 3084 5843 8
3115 5790 3203 5843 13.
3237 5807 3369 5843 nan.
3403 5793 3490 5843 41.

2200 5789 2329 5859 149,
2357 5792 2414 5844 et
2444 5793 2701 5846 Acamus
2734 5791 2858 5862 ipse
2888 5789 2950 5843 P.
2986 5807 3024 5859 ι,
3056 5791 3085 5857 §
3115 5790 3203 5860 43,
3236 5807 3369 5863 pag.
3403 5793 3490 5847 41.

4144 4078 4155 4161 4

4148 4200 4153 4283 l

4142 4680 4145 4781 Ι

4138 4798 4143 4905 ⁴
