4158 6322
410 339 510 398 651

1067 456 1400 514 Secundum.

488 551 687 609 Sicubi
708 549 767 605 in
791 547 1086 624 veteribus
1107 542 1745 624 Ecclesite,_praa_sertim
1769 542 2065 624 Romanis,

417 619 1133 695 Sacramentariis,aliisve
1162 617 1329 695 libris
1354 612 1639 695 liturgicis
1666 614 1830 669 locus
1852 612 2068 695 aliquis

418 701 521 751 aut
548 695 788 751 verbum
822 688 1111 757 oceurrat,
1144 689 1299 760 quod
1334 689 1403 742 ad
1437 692 1775 760 sanctorum
1825 688 2066 757 patrias,

419 772 474 822 et
504 768 572 839 ad
605 765 763 821 aliud
798 763 1031 839 quidvis
1062 758 1542 839 significandum,
1576 758 1919 839 ambiguum
1966 760 2069 839 aut

417 838 781 910 aequivocum
813 828 891 890 sit
923 850 935 888 :
969 850 1038 889 ea
1067 828 1146 888 ei
1164 830 1432 910 Ecclesiae
1467 835 1681 910 mente
1702 830 1945 884 minime
1994 828 2064 883 ad

415 902 769 981 temporales
795 909 1133 962 sanctorum
1168 903 1391 976 patrias
1421 902 1744 957 referenda.

488 997 586 1053 His
617 997 798 1068 igitur
823 992 1168 1067 praemissis,
1202 996 1268 1047 ut
1302 991 1606 1062 aliquanto
1639 988 1936 1061 propiores
1976 1005 2064 1044 re-

411 1086 717 1159 sponsioni
746 1085 983 1153 ﬁamus,
1014 1081 1440 1153 inquirendum
1474 1082 1563 1134 est
1589 1096 1659 1135 an
1693 1077 1857 1133 locus
1888 1093 2063 1149 quem

410 1170 1274 1233 exVeronensiSacramentario
1294 1166 1826 1225 nobisBlanchinus
1839 1167 2061 1237 objicit,

410 1281 750 1338 quanquam
772 1262 928 1318 illico
946 1260 1240 1317 Laurentii
1259 1259 1509 1331 patriam
1526 1258 1863 1330 prmseferre
1875 1257 2066 1312 videa-

408 1359 526 1425 tur,
546 1353 722 1409 aliam
753 1351 1298 1423 interpretationem
1324 1348 1628 1404 commode
1651 1346 1904 1418 recipere
1928 1362 2066 1418 pos-

409 1444 521 1512 sit;
567 1442 781 1514 quidve
832 1440 892 1494 in
940 1438 1058 1495 illis
1107 1436 1300 1494 verbis
1353 1452 1513 1492 cvn's
1571 1451 1862 1512 mscsNDO
1920 1452 2063 1490 cms

410 1532 668 1605 (quando
686 1547 773 1599 ea,
802 1536 869 1585 ut
889 1545 1017 1584 mos
1040 1527 1361 1584 Blanchino
1382 1530 1635 1598 geratur,
1660 1528 1862 1580 sancto
1887 1525 2062 1580 Leoni

411 1620 786 1677 attribuenda
820 1618 1043 1672 interea
1089 1618 1250 1686 sunt)
1298 1615 1412 1670 sibi
1454 1612 1706 1669 voluerit
1754 1612 2062 1668 sanctissi-

413 1727 548 1766 mus
579 1706 869 1783 pontifex?
885 1706 1026 1763 Rem
1060 1709 1203 1777 puto
1232 1708 1496 1760 veterum
1529 1702 1726 1775 potius
1756 1701 2060 1774 exemplis,

1246 333 1593 390 ADDENDA
1631 332 1729 386 AD
1766 328 2111 397 QUOSDAM
2148 331 2688 390 PMCEDENTES
2722 334 2984 391 TOMOS.

2089 455 2145 521 Α
2175 452 2313 509 civis
2339 458 2622 512 Romanus
2650 455 3001 529 appellatur.
3034 458 3250 513 Iterum
3271 472 3335 514 se
3353 456 3570 515 Paulus
3588 457 3828 516 tribuno

3717 335 3825 393 652

2181 545 2545 615 respondens
2593 545 2939 618 simpliciter
2987 548 3293 603 Romanum
3334 550 3529 617 vocat;
3582 547 3836 621 ipsoque

2182 631 2371 688 denuo
2404 633 2839 707 interpellante,
2874 651 3056 707 seque
3088 635 3481 708 privilegiario
3531 638 3833 708 quoddam

2171 720 2307 791 jure
2356 722 2686 781 Romanum
2741 725 2924 780 civem
2960 729 3280 792 asserente,
3315 726 3624 798 subjungit
3672 726 3837 783 illico

2178 809 2423 882 Paulus,
2457 829 2518 868 se
2547 830 2657 870 non
2688 814 2923 887 factum,
2982 815 3082 870 sed
3131 818 3326 870 natum
3372 830 3483 871 esse
3524 816 3837 872 Romanum

2177 900 2512 957 civem.ch
2531 908 2727 959 autem
2748 903 2938 976 primo
2959 903 3193 975 quidem
3213 907 3451 976 aspectu
3470 908 3587 959 tam
3609 904 3837 961 diserte

2179 989 2345 1045 Pauli
2378 991 2626 1063 patriam
2659 993 2997 1065 praeseferre
3027 993 3396 1061 videntur,ut
3426 992 3540 1047 nisi
3572 993 3715 1049 alibi
3750 995 3831 1067 (d)

2178 1078 2303 1150 ipse
2331 1096 2394 1135 se
2425 1080 2595 1137 Tarsi
2625 1081 2838 1138 Ciliciae
2872 1086 3077 1138 natum
3113 1082 3458 1154 (e),ejusque
3486 1082 3653 1138 urbis
3673 1082 3832 1136 ἀναν-

2174 1166 2450 1243 τιρῥήτως
2484 1170 2843 1242 municipem
2889 1172 3152 1241 dixisset,
3203 1188 3320 1227 non
3371 1171 3601 1244 ambige
3654 1173 3826 1243 quin,

2174 1258 2303 1329 ipso
2335 1259 2508 1315 etiam
2539 1260 3100 1331 Blanchinojudice,
3137 1260 3346 1316 Paulus
3376 1277 3540 1332 aeque
3568 1262 3628 1316 in
3681 1262 3831 1317 urbe

2177 1353 2372 1419 natus,
2405 1367 2471 1405 ac
2502 1349 2715 1421 Scipio,
2748 1354 2849 1405 aut
2876 1350 3085 1406 Laelius
3116 1350 3445 1407 haberetur.

2248 1438 2310 1492 Id
2344 1442 2409 1493 ut
2439 1438 2613 1510 paulo
2643 1440 2747 1494 ﬂat
2778 1439 3096 1495 dilucidius
3126 1440 3247 1495 haec
3279 1439 3450 1495 nobis
3478 1438 3831 1512 bypothesis

2176 1527 2518 1583 adornanda
2546 1532 2657 1584 est.
2710 1528 2889 1601 Finge
2938 1545 3173 1585 sacrum
3223 1533 3500 1586 Actorum
3548 1531 3830 1588 Codicem

2176 1616 2552 1688 periisse,aut
2570 1617 2858 1675 hactenus
2874 1618 3224 1691 irrepertum
3248 1619 3610 1679 delitescere:
3634 1637 3833 1693 neque

2176 1705 2335 1761 aliud
2358 1711 2637 1778 praeterea
2658 1722 2726 1763 ex
2745 1708 3040 1763 veteribus
3058 1709 3457 1765 monumentis
3471 1710 3541 1765 ad
3557 1714 3831 1767 nostram

413 1806 589 1874 atque
636 1798 1170 1855 ecclesiasticorum
1204 1797 1443 1851 Patrum
1474 1794 1852 1865 testimoniis,
1888 1811 2065 1867 quam
2096 1801 2144 1867 Β
2172 1799 2401 1851 aetatem
2429 1797 2950 1868 pervenisse,unde
2973 1797 3133 1854 Pauli
3158 1798 3407 1870 patriam
3437 1803 3592 1855 certo
3613 1800 3834 1874 digno-

414 1893 898 1963 argumentorum
931 1885 1257 1942 ratiociniis
1288 1883 1699 1939 dilucidiorem
1734 1882 1875 1937 fore.

483 1982 629 2036 Cum
653 1975 1075 2048 Hierosolymis
1098 1974 1346 2029 Romani
1382 1971 1603 2027 milites
1636 1970 1883 2027 Paulum
1908 1989 1938 2027 e
1957 1973 2067 2028 Ju-

412 2070 671 2125 deorum
697 2066 973 2122 manibus
995 2061 1774 2137 eripuissent,edixissetque
1789 2062 1873 2116 eis
1888 2062 2001 2118 trib
2012 2080 2071 2117 u-

413 2174 527 2213 nus
583 2162 650 2213 ut
696 2157 766 2212 ad
814 2160 1004 2219 castra
1054 2153 1313 2209 delatum
1363 2152 1706 2208 verberibus
1761 2152 2066 2221 caederent,

412 2265 528 2320 quo
558 2245 789 2303 Judaici
820 2242 1113 2299 tumultus
1145 2257 1383 2297 causam
1436 2241 1706 2312 proderet
1754 2256 1767 2296 :
1820 2242 2067 2312 jamjam

410 2336 807 2394 verberandus
830 2332 1147 2405 Apostolus
1170 2332 1498 2387 adstantem
1523 2331 1635 2386 sibi
1664 2331 2067 2386 centurionem

415 2426 506 2483 his
534 2426 727 2482 verbis
759 2422 1101 2496 interpellat
1154 2438 1168 2477 :
1221 2421 1283 2477 Si
1334 2420 1611 2476 hominem
1662 2425 1972 2477 Romanum
2022 2428 2072 2477 et

411 2517 789 2574 indemnatum
840 2515 968 2571 licet
1013 2514 1162 2571 vobis
1210 2511 1509 2585 ﬂagellare
1554 2510 1691 2583 (Act.
1742 2528 1880 2580 χχιι,
1930 2511 2072 2581 25)?

415 2607 624 2678 Inique
656 2611 831 2676 atque
862 2604 1082 2673 injuste
1113 2619 1315 2659 secum
1366 2600 1458 2673 agi
1507 2600 1775 2673 queritur
1826 2600 2066 2671 Paulus,

415 2697 570 2768 quod
621 2694 845 2750 scilicet
891 2709 1063 2765 pcena
1092 2695 1297 2747 contra
1329 2705 1642 2746 commune
1666 2690 1769 2759 jus
1800 2690 2067 2761 gentium

416 2784 963 2841 condemnationem
1026 2780 1411 2854 praecederet;
1464 2779 1741 2851 quodque
1790 2781 2068 2836 Romanus

412 2876 550 2932 civis
596 2878 800 2931 contra
835 2873 1002 2945 ‘leges
1052 2871 1314 2927 Porciam
1364 2871 1442 2945 (a)
1470 2874 1526 2927 et
1553 2871 1958 2943 Semproniam
1991 2874 2068 2945 (b)

412 2965 757 3022 verberibus
788 2963 931 3019 caedi
953 2962 1279 3033 juberetur.

485 3054 588 3111 His
610 3053 872 3110 centurio
895 3051 1112 3108 auditis
1136 3067 1258 3107 rem
1284 3049 1520 3106 tribuno
1547 3049 2063 3123 aperit,inquiens:

415 3144 559 3216 Quid
586 3148 812 3199 acturus
840 3142 943 3198 es?
968 3142 1065 3197 Hic
1094 3140 1247 3197 enim
1276 3139 1433 3195 homo
1476 3138 1612 3195 civis
1661 3141 1937 3196 Romanus
1986 3149 2064 3197 est

414 3235 548 3305 (Act.
593 3247 731 3303 XXII,
781 3231 893 3303 36).
943 3234 1281 3286 Commotus
1333 3230 1404 3284 ad
1438 3228 1559 3285 haec
1584 3229 1886 3297 tribunus,
1915 3247 2059 3286 non-

414 3324 681 3396 nihilque
703 3323 829 3393 jam
861 3322 932 3376 de
982 3319 1157 3376 Paulo
1202 3318 1515 3385 sollicitus,
1568 3319 1764 3390 ipsum
1810 3320 1954 3389 adit,
2006 3321 2062 3375 id

417 3415 572 3485 quod
604 3429 698 3469 res
726 3411 982 3467 habebat
1014 3426 1083 3465 ex
1109 3426 1209 3465 ore
1240 3409 1503 3479 ejusdem
1537 3412 1887 3480 excepturus
1935 3413 1994 3465 et
2049 3425 2061 3464 :

416 3505 515 3559 Dic
559 3501 702 3558 mihi
746 3500 981 3573 (inquit)
1024 3499 1074 3554 si
1121 3508 1178 3555 tu
1230 3500 1504 3554 Romanus
1554 3515 1612 3553 es
1658 3498 1795 3571 (Act.
1825 3516 1964 3565 xxn,
1995 3501 2065 3553 27

416 3593 553 3664 seq.)
582 3592 610 3648 ?
658 3592 736 3646 At
779 3590 877 3645 ille
908 3588 1053 3643 dixit
1088 3606 1101 3644 ε
1133 3588 1346 3643 Etiam.
1381 3587 1574 3659 Pergit
1606 3587 1882 3644 tribunus
1912 3606 1924 3644 :
1958 3590 2065 3661 Ego

418 3682 595 3737 multa
613 3696 833 3737 summa
851 3679 1176 3734 civilitatem
1197 3678 1339 3732 hanc
1358 3676 1724 3749 (Romanam)
1745 3688 2063 3734 consecutus

414 3788 560 3828 sum.
596 3772 664 3825 Et
691 3768 932 3825 Paulus.
966 3768 1071 3840 Ego
1100 3771 1307 3835 autem,
1339 3774 1392 3821 et
1414 3769 1575 3821 natus
1603 3783 1724 3821 sum
1752 3768 1911 3836 (civis
1954 3770 2062 3825 Ro-

411 3876 609 3916 manus
630 3857 962 3931 scilicet).Si
979 3873 1080 3930 per
1100 3855 1289 3912 Latini
1311 3856 1602 3911 sermonis
1615 3856 1853 3928 genium
1868 3856 2061 3914 licuis-

409 3955 517 4019 set,
544 3953 646 4006 aut
674 3947 886 4006 saeculo
918 3948 1158 4002 demum
1191 3949 1392 4001 octavo
1424 3943 1572 4000 liber
1602 3948 1883 4000 Actorum
1917 3946 2062 4003 scri-

2173 1901 2334 1940 scere
2360 1902 2688 1957 possemus;
2719 1888 2929 1959 deque,
2952 1903 3020 1942 ea
3050 1904 3163 1943 non
3195 1904 3366 1944 secus
3397 1893 3571 1962 atque
3600 1890 3832 1963 Hispa-

2175 1975 2269 2030 nis
2293 1991 2448 2029 nunc
2470 1975 2541 2030 de
2563 1976 2857 2031 Laurentii
2884 1976 3097 2048 patria,
3130 1975 3292 2032 litem
3318 1994 3445 2051 quae
3468 1979 3641 2034 etiam
3679 1997 3829 2037 num

2175 2062 2319 2119 foret
2334 2080 2400 2119 su
2412 2064 2556 2135 bjud
2568 2064 2652 2120 ice
2662 2064 3053 2121 Tarsensibus
3065 2066 3079 2120 i
3092 2070 3415 2122 ntentatam
3431 2067 3830 2127 Blanchinum

2176 2156 2475 2225 praeterea,
2506 2153 2647 2209 dum
2698 2158 2935 2211 strenue
2985 2155 3384 2212 Romanorum
3434 2162 3630 2229 partes
3681 2160 3829 2232 agit,

2175 2241 2396 2297 eximiae
2443 2244 2773 2314 vetustatis,
2824 2248 2998 2317 atque
3040 2245 3407 2302 auctoritatis
3438 2248 3731 2317 Codicem,
3768 2251 3828 2305 in

2177 2331 2374 2387 nescio
2392 2348 2507 2404 quo
2522 2334 2699 2389 veteri
2719 2333 3194 2407 chartophylacio
3222 2336 3509 2406 reperisse
3530 2337 3623 2393 cui
3646 2339 3830 2394 Bibli-

2178 2437 2283 2476 cus
2316 2419 2415 2476 ille
2445 2425 2634 2489 cento,
2686 2439 2862 2494 quem
2923 2425 3096 2480 modo
3146 2440 3216 2481 ex
3263 2426 3425 2482 Actis
3481 2428 3828 2499 apostolicis

2176 2509 2508 2580 retulimus,
2559 2511 2887 2568 incidenter
2932 2517 3172 2570 assutus
3222 2514 3418 2585 fuerit,
3468 2532 3604 2573 cum
3649 2517 3832 2591 longe

2176 2599 2473 2655 diversum
2507 2605 2663 2656 esset
2692 2602 2819 2673 ejus
2850 2601 3081 2659 Codicis
3110 2609 3550 2677 argumentum.

2245 2688 2481 2745 Videres
2508 2688 2896 2747 Blanchinum
2929 2692 3243 2762 exsultare,
3266 2694 3652 2769 triumphare,
3686 2715 3829 2755 cau-

2176 2794 2298 2833 sam
2333 2794 2437 2850 pro
2470 2779 2755 2836 Romanis
2784 2781 3001 2837 dictam
3035 2799 3064 2838 e
3096 2784 3339 2857 vestigio
3367 2800 3649 2857 asserere,
3681 2788 3829 2844 sibi-

2176 2883 2289 2939 que
2321 2868 2380 2922 in
2413 2868 2703 2941 frequenti
2734 2870 2972 2927 Patrum
3016 2873 3317 2941 concione,
3366 2877 3521 2947 quod
3567 2878 3826 2935 Paulum

2175 2956 2357 3012 civem
2388 2956 2865 3015 illustrissimum
2915 2960 3054 3017 Urbi
3104 2963 3478 3036 restituisset,
3530 2982 3827 3038 quernam

2174 3062 2336 3102 more
2354 3062 2642 3117 majorum
2663 3065 2919 3120 poscere.
2954 3049 3165 3108 Contra
3179 3068 3314 3109 vero
3343 3055 3623 3112 miserum
3649 3057 3827 3116 illum

2174 3135 2276 3206 qui
2290 3136 2864 3210 Tarsensiumpartes
2878 3142 3829 3214 ageret,nequidquaminclamare

2170 3225 2508 3297 Sapientum
2540 3226 2739 3295 ﬁdem,
2762 3226 3076 3301 locumque
3103 3231 3273 3288 illum
3304 3233 3575 3291 Actorum
3607 3254 3727 3294 non
3756 3240 3830 3294 de

2173 3314 2337 3370 Pauli
2394 3316 2603 3387 patria,
2656 3317 2758 3373 sed
2808 3318 2879 3373 de
2920 3319 3057 3389 jure
3106 3321 3379 3379 Romanae
3417 3324 3693 3396 civitatis,
3723 3345 3827 3384 seu

2174 3404 2664 3478 municipali,quo
2680 3407 2900 3463 Tarsus
2924 3424 2991 3463 ex
3012 3409 3411 3479 Dionis,Plinii
3435 3419 3609 3487 atque
3632 3416 3828 3489 ipsius

2171 3492 2337 3549 Pauli
2367 3495 2703 3551 testimonio
2734 3498 2800 3569 (Γ)
2834 3498 3157 3566 fruebatur,
3190 3500 3643 3574 intelligendum
3696 3523 3829 3564 esse

2172 3583 2451 3639 obtestari
2472 3588 2737 3657 :urgeret
2767 3588 2923 3642 enim
2955 3604 3024 3643 ex
3053 3590 3296 3647 adverso
3328 3591 3828 3662 Blanchinus,nec

2171 3675 2403 3727 tantum
2432 3688 2499 3727 eo
2525 3671 2649 3729 loco
2683 3672 2929 3730 Paulum
2961 3680 3269 3732 Romanum
3305 3680 3479 3735 civem
3527 3680 3609 3753 (id
3656 3684 3822 3741 enim

2172 3777 2287 3816 non
2307 3760 2457 3816 tanti
2475 3762 2649 3832 esse),
2681 3763 2781 3818 sed
2803 3763 3191 3822 disertissime
3212 3772 3407 3824 natum
3423 3773 3821 3841 pronuntiari:

2163 3851 2289 3923 jam
2314 3866 2447 3907 vero
2467 3856 2664 3907 natum
2692 3852 2802 3909 nisi
2827 3854 2899 3909 de
2920 3854 3107 3926 patria
3126 3858 3361 3930 proprie
3377 3876 3491 3916 non
3511 3861 3645 3933 dici,
3673 3880 3818 3922 nam

2168 3938 2409 4011 reliquae
2446 3942 2576 4011 ejus
2597 3942 2758 3998 vocis
2773 3944 3187 4016 usurpationes
3217 3948 3589 4006 translatitiaa
3607 3968 3674 4008 ac
3692 3970 3820 4011 me-

408 4040 803 4111 ptus,Latiove
824 4038 1078 4093 donatus
1102 4034 1333 4102 fuisset,
1352 4032 1631 4089 credibile
1654 4037 1741 4088 est
1762 4038 2058 4093 auctorem
2168 4029 2483 4101 ῐαρὶιονίοεε
2515 4034 2655 4086 sunt
2679 4047 2693 4086 ε
2717 4032 2935 4089 fruetra
2955 4039 3150 4092 autem
3175 4036 3276 4092 ubi
3299 4040 3536 4112 propria
3553 4046 3822 4116 suppetit

405 4129 862 4202 interpretemve
891 4144 994 4200 pro
1029 4143 1041 4182 :
1078 4127 1186 4195 Ego
1212 4132 1393 4180 autem
1424 4132 1476 4179 et
1502 4131 1667 4179 natus
1697 4122 1881 4196 (civis)
1911 4141 2057 4196 sum,

2171 4119 2241 4174 ad
2273 4118 2657 4191 impropriam
2689 4121 3180 4194 signiﬁcationem
3216 4128 3695 4199 confugiendum.
3726 4136 3817 4192 Ad

404 4234 474 4273 ex
504 4219 635 4288 ejus
668 4217 772 4273 aevi
805 4216 1121 4272 Latinitate
1152 4213 1521 4271 redditurum
1558 4228 1571 4268 :
1604 4216 1722 4285 Ego
1773 4221 1964 4270 autem
2009 4221 2061 4272 et
2165 4207 2688 4266 haecmillenariam
2704 4211 3821 4289 Codicisantiquitatem,auctoritatem-

402 4303 1300 4376 nascendocivissum;praesertim
1318 4319 1451 4358 cum
1470 4303 1913 4359 Grazcustextus
1928 4320 2054 4361 eam
2166 4316 2278 4371 que
2302 4300 2371 4354 ad
2395 4298 2606 4355 caelum
2629 4302 2860 4358 efferret
2884 4319 2896 4357 :
2921 4303 3059 4361 bina
3087 4309 3321 4363 ternave
3350 4308 3489 4366 hinc
3518 4310 3681 4369 illinc
3714 4331 3815 4371 ne-

400 4395 728 4452 versionem
772 4412 886 4451 non
940 4398 1181 4465 respuat
1228 4393 1320 4463 (c).
1375 4394 1540 4448 Tunc
1588 4396 1781 4449 autem
1835 4395 2052 4451 nedum
2162 4388 2915 4461 gativa,autconjecturalis
2939 4396 3818 4470 generisargumentacorrade-

399 4486 667 4541 eamdem
691 4485 749 4540 in
773 4483 935 4539 Actis
967 4487 1140 4552 atque
1174 4481 1232 4536 in
1269 4481 1553 4537 Leoniano
1585 4484 2049 4540 Sacramentario

2162 4482 2268 4547 ret,
2287 4478 2451 4550 queis
2468 4481 2827 4552 praecipuum
2850 4481 2995 4538 illud
3014 4484 3070 4540 in
3088 4484 3271 4542 aciem
3299 4489 3581 4561 stipatum
3601 4508 3813 4563 proce-

395 4576 773 4644 sententiam,
813 4573 913 4629 sed
964 4571 1208 4656 totide‘m
1257 4571 1523 4643 ipsisque
1572 4578 1811 4629 omnino
1855 4574 2047 4631 verbis
2076 4556 2124 4621 D
2155 4568 2525 4640 deret;eoque
2550 4570 2789 4626 demum
2814 4556 3813 4656 fucatoacfallaciverborumappa-

396 4666 715 4737 utrobique
745 4678 1085 4736 expressam
1117 4640 1490 4717 haberemus.

461 4756 689 4814 Interea
717 4771 850 4811 vero
880 4755 1103 4809 tractus
1134 4750 1231 4807 ille
1264 4756 1579 4807 Auctorem
1612 4751 1814 4809 sedulo
1868 4755 2039 4813 nobis

387 4848 623 4919 utjacet
647 4842 1112 4902 considerandus
1133 4842 1318 4898 est.Et
1343 4841 1531 4913 primo
1554 4842 1791 4912 quidem
1817 4843 2034 4902 Paulus

388 4937 446 4993 in
470 4953 535 4994 eo
557 4953 620 4994 se
642 4937 944 4992 Romanum
969 4932 1250 4988 hominem
1282 4930 1456 4999 dicit;
1489 4947 1623 4985 mox
1643 4948 1676 4986 a
1698 4933 2038 4990 centurione

460 5053 644 5127 (a)Sed
654 5070 757 5127 per
766 5052 891 5108 deos
904 5049 1249 5127 immortales
1262 5046 1878 5127 (inquitSqllus'tiusin
1893 5051 2035 5127 Cati-

383 5118 732 5199 lin'.)iquarno
745 5126 892 5199 orem
915 5125 973 5178 in
997 5122 1323 5199 sententiam
1343 5118 1753 5199 non-addidisti
1772 5122 1925 5199 (Deci
1948 5123 2034 5175 Si-

382 5190 560 5265 lane),
592 5207 650 5253 ut
668 5196 824 5267 prius
850 5197 908 5250 in
931 5210 1019 5251 eos
1038 5190 1375 5267 (Lentulum
1402 5191 1665 5267 aliosque
1696 5193 2034 5267 conjuratos

381 5263 675 5339 intelligit)
707 5267 1029 5324 verberibus
1057 5263 1639 5320 animadverteretur?
1668 5264 1746 5316 An
1779 5263 1910 5334 quia
1945 5266 2033 5320 (ea:

379 5338 595 5395 Poncui
622 5343 803 5395 vetat?

446 5411 523 5483 (b)
548 5416 708 5466 Duas
728 5412 858 5467 tulit
878 5411 1019 5481 leges
1043 5408 1059 5478 (
1068 5409 1264 5483 C.Sem
1276 5406 1515 5476 pronius
1537 5403 1858 5483 Qracchus)
1883 5406 2027 5483 alte-

2157 4661 2285 4712 ratu
2302 4658 2683 4714 Tarsensium
2704 4662 2889 4717 causae
2911 4668 3221 4734 patronum
3238 4683 3309 4721 ne
3321 4666 3548 4725 hiscere
3561 4672 3808 4742 quidem

2153 4746 2525 4803 sineret.Jam
2547 4750 3054 4823 vero,quicunque
3069 4752 3351 4811 incautior
3363 4756 3807 4820 Blanchinianis

2150 4836 2325 4892 dictis
2358 4853 2556 4892 aurem
2592 4842 3083 4910 accommodaret,
3116 4850 3400 4915 quantum
3433 4846 3549 4919 ille,
3571 4850 3808 4910 detecta

2151 4926 2390 4982 demum
2423 4943 2505 4993 re,
2538 4927 2859 4984 ludibrium
2896 4932 3374 5003 prudentioribus
3404 4937 3667 4995 deteret!

2222 5042 2299 5116 (cl)
2481 5044 2718 5100 initium
2751 5047 3018 5117 ejusdem
3052 5050 3259 5122 capitis
3293 5069 3433 5122 xxu,
3466 5055 3499 5125 ᾗ
3528 5055 3639 5112 3et
3667 5075 3799 5132 cap.

2144 5132 2283 5183 xxn,
2317 5117 2349 5183 ᾖ
2380 5116 2469 5170 39.

2218 5190 2288 5271 (ιθ)
2323 5188 2449 5242 Scio
2482 5186 2727 5271 Paulum
2781 5208 2827 5271 ειΔ
2864 5191 3237 5271 [lieronqu
3262 5196 3577 5271 Gischalis,
3634 5203 3797 5271 quod

2412 5260 2835 5339 oppidumcst
2878 5262 2934 5318 in
2987 5258 3139 5320 tribu
3202 5258 3794 5339 Benjaminfnatum

2140 5332 2252 5409 dici
2281 5347 2302 5409 _:
2338 5348 2454 5402 quo
2487 5348 2519 5385 a
2547 5331 2766 5409 Judmis
2800 5340 2968 5409 capto
3001 5354 3133 5392 cum
3168 5331 3794 5409 parentibus'Tarsum

2137 5402 2349 5475 Ciliciae
2378 5404 2810 5475 commigravit.
2845 5402 2974 5466 Vid.
3008 5413 3064 5463 S.
3098 5402 3260 5467 Dect.
3295 5412 3351 5467 in
3385 5412 3532 5470 libro
3565 5416 3636 5472 de
3666 5417 3793 5474 Vir.

373 5474 591 5538 ram'ut
620 5484 673 5538 si
700 5485 821 5552 quis
870 5474 947 5536 in:
979 5474 1309 5550 magistratu
1351 5496 1538 5552 cwsu
1568 5474 1863 5552 Romanun
1907 5480 2027 5537 sine
2137 5474 2418 5552 illustrib.

357 5554 574 5625 judicio
604 5550 868 5625 necasset,
893 5556 950 5608 in
983 5569 1104 5625 eum
1134 5552 1332 5625 populi
1352 5550 1571 5623 judicio
1601 5550 2020 5609 animadverte-

371 5630 550 5684 retur.
588 5624 884 5681 Plutarch.
918 5625 978 5678 in
1011 5623 1253 5679 Gracch.

445 5700 516 5772 (c)
549 5694 689 5773 Ἐγὼ
716 5693 772 5751 δὲ
801 5696 891 5750 καὶ
921 5692 1273 5769 γεγέννημαι.
1301 5696 1478 5751 Actor.
1510 5707 1647 5762 xxu,
1678 5692 1767 5750 28.

2205 5548 2279 5625 (ί)
2312 5550 2494 5625 Actor,
2527 5563 2622 5602 xxx
2658 5566 2671 5602 :
2700 5550 2773 5625 ξς)
2803 5551 2913 5625 Ego
2944 5552 3162 5624 (inquit
3190 5555 3432 5625 Paulus)
3462 5557 3622 5615 homo
3663 5577 3793 5617 sum

2132 5619 2348 5701 quidem
2380 5618 2600 5701 Iudaeus
2629 5639 2663 5675 a
2696 5618 2861 5679 Tarso
2882 5618 3096 5683 Ciliciae
3127 5644 3241 5683 non
3276 5618 3484 5700 ignota:
3535 5631 3789 5691 civitatis

2132 5696 2461 5763 municeps,
2495 5696 2603 5747 etc.
