4156 6320
372 384 475 439 661

1316 381 1797 439 DISSERTATIO
1832 382 1929 436 DE
1967 384 2259 439 DAMASO
2295 387 2390 441 ET
2425 389 2859 445 LAURENTIO.

3679 383 3790 440 662

375 508 712 565 Merendam
732 506 888 573 licet,
921 507 1023 562 sed
1054 505 1171 561 alta
1200 506 1426 561 ratione
1469 506 1864 577 Hispanorum
1896 506 2022 577 opi-
2052 506 2106 573 Α
2137 505 2516 566 Calvinistam
2543 506 3514 578 demas,nullus.DeniqueAdonis
3528 507 3789 565 testimo‘

370 598 538 654 nioni
569 596 861 653 contraire
893 596 1153 652 student.
1184 595 1243 650 Si
1280 594 1455 662 enim,
1507 595 1807 668 inquiunt,
1853 595 2022 652 Vero-

382 703 628 743 nensem
669 685 941 741 Codicem
980 684 1037 740 in
1054 684 1477 757 quoLaurentii
1510 685 2025 756 contestatiorepe-

369 777 522 834 ritur
543 776 885 847 saaculojam
902 780 1104 831 octavo
1129 775 1414 847 scriptum
1439 774 1621 831 fuisse
1651 776 1724 830 ab
1747 774 2022 846 Hispanis

369 866 735 935 conceditur,
767 866 875 921 etsi
912 882 1018 921 nos
1051 866 1274 922 interea
1290 865 1475 938 gratis
1495 865 1579 921 eis
1609 865 2020 921 dederimusid

364 956 904 1013 Sacramentarium
932 973 967 1011 a
997 960 1201 1011 sancto
1234 956 1420 1012 Leone
1450 955 1843 1027 compositum
1902 971 2016 1010 non

360 1046 567 1113 fuisse,
581 1046 871 1101 habemus
894 1047 1102 1101 saltem
1118 1063 1221 1117 pro
1238 1045 1405 1101 nobis
1420 1046 1722 1117 antiquius
1752 1045 2017 1102 testimo-

359 1135 528 1192 nium
561 1152 677 1207 praa
709 1135 781 1191 iis
803 1136 1015 1206 quibus
1050 1135 1295 1208 Hispani
1335 1138 1601 1192 auctores
1657 1135 2012 1203 innituntur,

358 1230 539 1297 atque
570 1226 714 1283 adeo
743 1225 913 1298 longe
936 1225 1187 1282 validius
1206 1230 1643 1299 argumentum.
1671 1226 1742 1281 Et
1772 1226 2011 1298 quidem

355 1316 430 1386 si,
463 1316 683 1373 omissa
697 1316 917 1374 interea
933 1316 1328 1388 disputatione
1349 1318 1421 1372 de
1437 1316 1787 1388 antiquitate
1805 1317 2013 1373 Sacra-

357 1406 629 1462 mentarii
652 1406 1007 1462 Veronensis
1039 1406 1142 1477 (α),
1173 1424 1309 1463 vera
1366 1422 1494 1463 esse
1552 1406 1823 1462 volumus
1884 1423 2008 1478 quae

359 1495 513 1551 circa
543 1499 772 1551 atatem
797 1495 1022 1551 Codicis
1056 1513 1089 1552 a
1124 1495 1448 1552 Blanchino
1481 1495 1629 1551 eruti
1660 1495 1769 1551 sub
1827 1495 2007 1566 hujus

357 1583 568 1657 capitis
597 1583 839 1639 initium
870 1601 905 1640 a
935 1585 1103 1640 nobis
1134 1585 1290 1641 dicta
1320 1589 1494 1641 sunt:
1543 1584 1841 1657 adigimur
1870 1602 2006 1655 pro-

359 1674 505 1729 fecto
528 1677 592 1729 ut
623 1676 1256 1748 agnoscamusintegro
1274 1676 1585 1731 minimum
1619 1676 1829 1731 saeculo
1851 1676 2006 1730 anti-

352 1764 617 1835 quiorem
649 1781 781 1821 eum
831 1764 1094 1821 Codicem
1127 1782 1276 1836 esse,
1327 1783 1506 1838 quam
1565 1766 1682 1821 Ado
1715 1782 1783 1822 ex
1829 1766 2001 1837 cujus

2134 596 2301 653 nium
2331 602 2695 657 vetustorum
2714 599 2981 656 codicum
2997 598 3134 663 ﬁde,
3150 595 3581 669 multiplicique
3594 598 3790 668 conie-

2129 694 2289 743 ctura
2321 705 2389 744 ex
2418 688 2585 746 libris
2620 689 2931 761 liturgicis,
2966 692 3144 759 atque
3192 684 3461 742 Ecclesia
3517 686 3788 745 Patribus

2128 776 2462 845 adjuvatur;
2488 780 2841 835 Veronensis
2869 777 3096 833 Codicis
3120 775 3435 832 auctoritas
3469 776 3788 848 singularis

2126 870 2237 935 est,
2272 884 2409 923 nam
2441 868 2705 925 Vaticani
2739 868 2969 924 Codicis
3002 868 3188 935 locus,
3222 881 3399 937 quem
3426 865 3795 925 Blanchinus.

2125 954 2366 1013 unicum
2400 959 2459 1013 in
2478 959 2606 1029 ejus
2630 957 3133 1014 confirmationem
3160 956 3345 1024 affert,
3374 954 3521 1010 nihil
3549 955 3786 1012 conclu-

2121 1045 2227 1113 dit,
2250 1050 2315 1101 ut
2336 1046 2582 1104 inferius
2605 1048 2890 1104 dicemus.
2911 1046 3076 1102 Mitto
3100 1045 3396 1100 infirmam
3421 1044 3777 1103 Veronensis

2120 1134 2346 1190 Codicis
2378 1136 2554 1193 fidem
2588 1137 2645 1192 in
2678 1154 2744 1193 eo
2776 1141 2964 1192 tractu
2996 1135 3098 1207 qui
3131 1133 3447 1190 Clementis
3498 1151 3657 1207 papae
3716 1140 3775 1192 et

2119 1223 2394 1296 martyris
2425 1226 2676 1297 patriam
2710 1225 2962 1295 exhibet;
2997 1230 3061 1280 ut
3092 1223 3141 1281 si
3168 1224 3229 1280 in
3260 1223 3554 1279 Laurentii
3581 1224 3773 1280 Missae

2116 1314 2573 1384 Contestatione,
2598 1317 2668 1371 de
2692 1317 2894 1372 eodem
2919 1318 3267 1387 argumento
3290 1313 3385 1385 agi
3409 1312 3773 1371 Blanchinus

2116 1404 2453 1475 contendat,
2486 1421 2611 1461 eam
2644 1422 2880 1478 quoque
2910 1405 3405 1462 Contestationem
3450 1403 3774 1460 sublestam

2114 1492 2235 1548 fore
2263 1494 2540 1550 credibile
2570 1494 2670 1551 sit.

2186 1583 2333 1651 Imo,
2348 1583 2395 1638 si
2413 1600 2533 1638 rem
2551 1584 2724 1656 paulo
2740 1584 3083 1657 diligentius
3105 1583 3441 1639 examinare
3471 1582 3767 1640 volumus.

2111 1688 2226 1726 non
2262 1673 2406 1728 satis
2423 1673 2789 1746 exploratum
2809 1676 2938 1746 erit,
2955 1675 3251 1731 nostrisne
3265 1691 3337 1728 an
3356 1674 3549 1746 potius
3562 1674 3629 1728 ad
3641 1691 3769 1730 ver-

2110 1761 2400 1817 sariorum
2427 1764 2828 1820 fundamentis
2855 1764 3226 1837 antiquitatis
3262 1763 3637 1835 praerogativa
3662 1765 3766 1820 de-

347 1852 755 1927 Martyrolegio
786 1854 1048 1927 pressius
1073 1872 1176 1928 pro
1201 1861 1401 1912 nostra
1419 1855 1713 1912 sententia
1736 1856 1998 1912 testimo-
2030 1873 2077 1936 Β
2113 1850 2352 1920 bentur;
2387 1870 2519 1909 cum
2551 1854 2705 1909 enim
2739 1853 2892 1910 sicut
2923 1854 3149 1926 pridem
3184 1853 3551 1920 dicebamus,
3595 1853 3770 1909 Baro-

345 1945 515 2000 nium
544 1944 798 2000 mutuati
832 1961 1060 2001 sumus.

415 2033 636 2090 Verum
651 2051 807 2102 cum,
823 2034 1054 2091 etiamsi
1068 2035 1278 2091 saeculo
1294 2039 1492 2091 octavo
1504 2035 1995 2093 Blanchinianum

342 2122 615 2179 Codicem
648 2124 933 2195 scriptum
962 2124 1146 2180 fuisse
1169 2142 1522 2193 asseramus,
1570 2127 1699 2197 ejus
1730 2126 1998 2183 testimo-

341 2212 512 2268 nium
544 2213 616 2269 de
647 2213 942 2269 Laurentii
976 2213 1205 2271 civitate
1236 2219 1338 2270 aut
1364 2215 1572 2287 patria,
1598 2216 1857 2289 quinque
1888 2218 1995 2273 mi-

340 2302 577 2358 nimum
608 2303 837 2359 saeculis
868 2320 929 2359 re
958 2304 1029 2360 de
1055 2321 1172 2376 qua
1191 2304 1530 2377 perhibetur
1550 2306 1843 2363 recentius
1874 2307 1995 2364 fore

334 2406 580 2448 necesse
609 2392 704 2462 sit,
741 2409 857 2448 non
888 2392 1055 2449 video
1086 2393 1227 2466 quid
1252 2396 1438 2466 major
1458 2394 1560 2451 illa
1586 2395 1764 2452 unius
1797 2397 1992 2453 saeculi

331 2497 454 2551 prae
486 2481 685 2538 Adone
715 2482 1061 2554 antiquitas,
1092 2487 1154 2539 ut
1178 2493 1382 2541 caetera
1408 2487 1521 2541 sint
1566 2486 1755 2556 paria,
1815 2486 1989 2542 fidem

329 2571 468 2641 ejus
494 2570 744 2638 Codicis,
773 2572 854 2628 rei
872 2574 944 2628 de
958 2589 1075 2644 qua
1095 2574 1325 2646 agimus
1345 2575 1760 2631 confirmandae
1785 2576 1992 2644 juvare

328 2659 566 2731 possit;
600 2677 715 2716 non
740 2661 927 2733 magis
959 2678 1026 2717 ac
1057 2663 1107 2718 si
1140 2663 1294 2734 quis,
1349 2663 1594 2735 exempli
1644 2664 1852 2736 gratia,
1887 2683 1990 2737 pro

327 2750 660 2805 astruendo
691 2750 841 2807 facto
865 2751 1017 2823 quod
1042 2751 1097 2806 in
1118 2769 1336 2808 annum
1360 2752 1797 2810 incidithristi
1830 2755 1983 2821 1200,

331 2838 539 2893 saeculi
568 2856 687 2895 xvn
716 2841 870 2911 quod
901 2840 1159 2912 proxime
1186 2841 1451 2914 elapsum
1484 2842 1614 2909 fuit,
1646 2859 1822 2915 quam
1849 2861 1988 2899 xvm

330 2927 399 2981 in
431 2944 549 2999 quo
562 2927 832 2996 vivimus,
856 2931 1257 2987 testimonium
1278 2931 1669 3003 praestabilius
1685 2932 1986 2988 existima-

328 3020 443 3072 ret.
475 3017 605 3074 Jam
632 3036 767 3077 vero
798 3019 1284 3077 Blanchinianum
1320 3022 1607 3089 Codicem,
1646 3023 1765 3079 imo
1808 3022 1984 3079 etiam

326 3106 737 3165 Laurentisne;
771 3110 966 3166 missae
997 3110 1518 3179 Contestationem,
1544 3111 1737 3185 qualis
1758 3130 1825 3169 ex
1856 3113 1984 3185 ipso

326 3196 507 3252 nobis
539 3198 837 3269 objicitur,
869 3200 1083 3256 saeculo
1114 3218 1216 3257 VIII
1261 3202 1623 3274 antiquiores
1677 3220 1793 3259 non
1824 3220 1979 3260 esse:
2015 3242 2057 3310 C

326 3286 1398 3310 ..-ΞΑ-2-2112---,1.-.Α--ι--Ξ--.Α-,3η,η
1488 3292 1571 3310 hic
1639 3292 1719 3310 ,1⁸
1782 3309 1790 3310 ,
1892 3293 1904 3310 ι
1934 3293 1946 3305 ι

325 3286 720 3357 priorisillius
739 3287 1095 3346 characteris
1113 3290 1410 3363 specimen
1429 3309 1462 3347 a
1485 3292 1802 3348 Blanchino
1820 3293 1981 3349 exhi-

323 3373 516 3431 bitum
528 3418 543 3446 ,
568 3381 626 3433 et
646 3378 989 3449 posterioris
1002 3379 1181 3451 hujus
1196 3380 1269 3453 pb
1279 3382 1427 3438 rasis
1441 3381 1790 3454 conjiciendi
1821 3398 1983 3439 occa-

323 3464 556 3521 sionem
585 3467 864 3538 praebent.

403 3554 684 3612 Consulto
714 3558 938 3629 adjeci:
972 3566 1033 3615 ut
1059 3565 1271 3618 cetera
1296 3560 1409 3617 sint
1434 3564 1620 3632 paria.
1657 3563 1803 3627 Quid
1846 3579 1977 3619 vero

322 3642 378 3698 si
412 3645 604 3715 potior
633 3662 747 3718 prae
775 3648 1105 3720 antiquiore
1136 3651 1425 3707 recentior
1440 3652 1648 3724 Codex,
1674 3657 1775 3708 aut
1795 3652 1977 3723 hujus

322 3750 447 3804 prae
478 3732 638 3791 illius
663 3737 1071 3794 testimonium
1103 3741 1362 3811 apertius
1386 3746 1560 3813 atque
1578 3742 1974 3815 incorruptius

325 3822 539 3878 fuerit?
566 3825 880 3897 thuidem
908 3828 1167 3885 Adonem
1200 3828 1423 3886 clarum
1448 3831 1645 3887 seaculi
1680 3849 1737 3887 rx
1769 3836 1975 3888 aucto-

320 3926 473 3982 rem,
490 3912 1268 3987 multipliciqueteetimonio
1280 3923 1755 3979 commendatum
1773 3923 1845 3995 (b)
1868 3923 1976 3979 sci-

316 4016 481 4067 mus,
513 4017 648 4058 cum
679 4004 953 4077 quisquis
984 4006 1082 4063 ille
1113 4008 1288 4065 fuerit
1328 4010 1683 4069 Veronensis
1723 4013 1970 4084 Codicis,

314 4089 459 4145 licet
487 4092 854 4165 antiquioris,
879 4097 1256 4170 scriptor,seu
1290 4101 1484 4171 potius
1515 4104 1972 4173 consarcinator,

315 4179 508 4236 obvias
532 4199 881 4257 quascunque
894 4187 1183 4257 liturgicas
1194 4206 1385 4259 preces
1412 4193 1535 4248 sine
1558 4193 1789 4259 delectu,
1809 4204 1973 4265 atque

316 4269 520 4326 ordine
548 4272 619 4343 (e)
649 4272 711 4329 in
731 4291 906 4331 unum
934 4278 1185 4334 Codicem
1224 4280 1479 4351 coegerit.
1531 4282 1812 4339 Praeterea
1856 4284 1971 4339 Ve-

318 4360 597 4417 ronensis
626 4364 842 4421 codicis
868 4365 1030 4424 locus
1053 4385 1166 4425 non
1192 4370 1361 4426 modo
1384 4371 1454 4425 ad
1475 4372 1742 4443 patriam,
1767 4373 1967 4430 civita-

316 4453 462 4516 tem,
500 4453 856 4525 passionem,
888 4462 947 4513 et
975 4457 1292 4515 incolatum
1325 4460 1619 4517 Laurentii
1642 4462 1969 4535 significan-

317 4539 465 4595 dum
498 4541 830 4615 ambiguus,
865 4547 965 4602 sed
996 4548 1067 4603 de
1096 4548 1235 4604 vitio
1266 4554 1368 4605 aut
1398 4551 1842 4623 interpolatione
1863 4570 1967 4609 su-

315 4629 731 4699 spectissimus
762 4638 868 4701 est,
890 4640 953 4691 ut
969 4636 1241 4694 vidimus:
1264 4640 1880 4713 Adonisincorruptus
1901 4660 1965 4699 ac
2000 4605 2041 4670 D

312 4717 592 4791 pressior,
609 4721 796 4792 deque
821 4724 1178 4782 sanctissimi
1202 4727 1385 4785 levita
1410 4730 1596 4801 patria
1618 4730 1856 4787 omnino
1878 4732 1966 4787 in-

310 4810 745 4879 terpretandus.
782 4812 1034 4869 Rursum
1071 4832 1084 4870 :
1142 4818 1361 4874 Adonis
1393 4820 1744 4876 sententiam
1798 4838 1966 4879 nemo

310 4912 429 4951 non
462 4893 747 4971 veterum,
781 4918 887 4958 nec
916 4905 1237 4962 recentium
1265 4909 1336 4963 ab
1367 4909 1626 4979 ejusdem
1669 4928 1783 4967 aevo
1815 4911 1965 4967 scri-

309 4988 551 5055 ptorum
566 4994 804 5047 secutus
818 4992 950 5064 fuit;
966 4992 1317 5054 Veronensis
1330 4998 1582 5068 Codicis,
1611 5000 1660 5056 si
1678 4999 1963 5057 Manlium

383 5165 466 5256 .(cj
496 5166 577 5256 Die
608 5167 1348 5256 hoc.arg_u-mento_pridem
1371 5181 1670 5256 egereACC.
1696 5181 1812 5237 VV.
1846 5181 1960 5256 Me-

309 5243 500 5307 ratus,
523 5242 1221 5320 Amortius,Muratorius,
1238 5242 1513 5320 Cennihs,
1529 5251 1732 5309 Orsius
1754 5259 1810 5309 et
1839 5254 1959 5313 alii.

310 5326 571 5398 quorum
591 5317 959 5398 sententiaeo
974 5319 1228 5398 recidere
1257 5317 1585 5398 videtur_,ut
1616 5326 1956 5398 sarculojam

309 5384 522 5470 quint-0
536 5384 1061 5470 Sacramentarium
1076 5409 1181 5447 con
1193 5393 1338 5470 fectu
1350 5411 1401 5448 m
1420 5384 1599 5451 fuisse
1612 5384 1959 5470 existim-ent;

306 5458 676 5539 sunt‘tamen
694 5460 959 5539 fortassis
974 5465 1031 5539 in
1048 5464 1174 5536 ipso
1191 5465 1356 5539 plura
1373 5470 1753 5539 sequentibus
1775 5458 1955 5527 saequ

302 5522 377 5614 lis
404 5526 827 5614 adjectanque
861 5534 1002 5591 alibi
1126 5522 1293 5614 nobis
1339 5522 1957 5614 indi‘cantfurip‘rieter

303 5600 1033 5682 communeliturgicorum
1052 5608 1325 5682 Codicum
1343 5610 1643 5682 ingenium
1660 5600 1821 5669 novis
1852 5616 1955 5670 ad-

303 5668 629 5758 ditionibus
653 5668 884 5758 patens,
920 5684 983 5735 ut
1014 5679 1318 5758 incaateris
1338 5668 1600 5753 ejusdem
1621 5668 1951 5757 argumenti

304 5738 474 5797 libris
507 5738 730 5813 passim
755 5738 969 5807 factum
1003 5751 1294 5809 videmus.

2110 1939 2245 1996 nius
2267 1941 2443 2009 binos,
2465 1959 2659 2015 eosque
2678 1948 3007 2018 pervetusto:
3033 1944 3261 2001 Codices
3282 1945 3342 1999 in
3364 1944 3611 1999 Ecclesia
3629 1944 3768 2000 olim

2108 2032 2335 2085 recitari
2358 2032 2547 2088 solitos
2575 2050 2636 2089 se
2668 2033 2885 2091 vidisse
2918 2034 3191 2099 affirmet,
3228 2034 3286 2088 in
3305 2032 3524 2105 quibus
3552 2038 3768 2089 Dama-

2108 2136 2212 2175 sus
2242 2122 2540 2178 Laurentii
2564 2127 2923 2195 compalriota
2950 2123 3293 2196 legebatur;
3347 2128 3403 2177 et
3451 2122 3596 2179 alias
3629 2140 3765 2179 san-

2108 2213 2240 2265 ctus
2272 2210 2370 2267 ille
2402 2212 2660 2284 pontifex
2686 2213 2757 2269 ab
2792 2218 3030 2269 auctore
3080 2212 3329 2284 catalogi
3364 2211 3761 2268 Romanorum

2106 2302 2423 2371 praasulum
2438 2302 2548 2356 sub
2564 2302 2771 2373 Felice,
2787 2303 2844 2359 id
2859 2307 2968 2372 est,
2986 2304 3225 2359 ineunte
3240 2300 3452 2357 saeculo
3469 2319 3522 2357 vx
3537 2302 3763 2374 scripti,

2106 2388 2489 2446 disertissime
2522 2393 2800 2464 Hispanus
2829 2392 3176 2464 appelletur:
3201 2390 3408 2463 quidni
3438 2391 3609 2448 binos
3627 2390 3763 2447 illos

2105 2480 2364 2549 Codices,
2395 2480 2484 2536 vel
2508 2497 2711 2537 eorum
2744 2481 3012 2549 alterum,
3041 2480 3253 2537 saeculo
3300 2498 3401 2535 vm
3462 2480 3761 2552 antiquio-

2105 2585 2223 2624 rem
2248 2569 2431 2625 fuisse
2453 2570 2842 2643 suspicemur;
2884 2576 2984 2627 aut
3012 2571 3072 2627 in
3106 2588 3224 2627 una
3268 2570 3493 2626 Damasi
3550 2570 3762 2643 patria,

2104 2676 2281 2731 quam
2314 2659 2640 2716 Felicianus
2662 2661 3001 2733 pontificum
3027 2660 3332 2732 catalogus
3367 2659 3623 2727 exhibet,
3646 2676 3762 2716 non

2102 2749 2281 2805 etiam
2312 2749 2608 2805 Laurentii
2662 2751 2909 2822 patriam
2966 2749 3255 2807 contineri
3310 2748 3759 2806 existimemus:

2103 2838 2427 2910 prmsertim
2461 2856 2595 2895 cum
2626 2856 2759 2895 eum
2793 2840 3029 2897 Damasi
3062 2838 3513 2912 compatriotam
3550 2837 3755 2906 fuisse,

2102 2928 2413 2985 adversarii
2447 2928 2518 3001 (ά)
2556 2930 2862 2987 nobiscum
2895 2929 3267 3004 agnoscant?
3297 2929 3406 2984 Sed
3432 2927 3502 2984 de
3524 2927 3617 2984 his
3641 2928 3755 2985 for-

2101 3017 2277 3075 tassis
2301 3019 2371 3074 ad
2406 3035 2706 3077 nauseam.

2722 3110 2948 3166 CAPUT
2978 3110 3126 3167 VIII.

2188 3198 2435 3254 Extremi
2462 3198 2915 3257 adversariorum
2942 3205 3171 3256 conatus
3199 3200 3663 3270 comprimuntur.

2160 3288 2408 3359 Nollem,
2439 3291 2592 3360 quod
2617 3307 2685 3345 ex
2716 3290 2892 3346 Tullii
2925 3288 3221 3345 sententia
3251 3288 3323 3360 (e)
3371 3288 3558 3343 facere
3594 3287 3752 3342 iner-

2087 3381 2174 3434 tes
2199 3383 2377 3450 poetae
2409 3378 2616 3446 solent,
2649 3385 2905 3436 extremo
2956 3379 3014 3434 in
3062 3382 3195 3433 actu
3230 3376 3622 3449 negligentior
3658 3375 3748 3431 vi-

2088 3468 2232 3535 deri;
2261 3484 2463 3524 verum
2497 3486 2611 3525 non
2642 3469 2841 3543 magni
2864 3468 3166 3535 momenti,
3218 3466 3466 3539 jamque
3498 3464 3637 3521 alibi
3670 3482 3738 3521 ex

2085 3562 2249 3629 parte
2280 3560 2580 3615 confutata
2596 3564 2736 3615 sunt
2759 3576 2885 3632 qua:
2911 3558 3078 3615 nobis
3103 3558 3211 3614 hoc
3236 3556 3363 3613 loco
3384 3554 3745 3613 Blanchinus

2084 3647 2304 3718 objicit;
2340 3652 2396 3704 et
2417 3648 2563 3705 alias
2585 3666 2712 3705 mos
2734 3649 3054 3706 lectoribus
3087 3648 3382 3721 gerendus
3430 3650 3541 3712 est,
3592 3661 3736 3717 quo-

2083 3752 2216 3792 rum
2250 3736 2532 3793 hactenus
2563 3739 2845 3810 patientia
2877 3736 3735 3807 fortassisabusisumus.Ergo

2083 3843 2260 3899 quam
2283 3828 2343 3882 in
2376 3827 2671 3899 prioribus
2693 3828 3055 3901 argumentis
3099 3827 3391 3897 eluendis,
3422 3842 3484 3881 re
3514 3823 3738 3880 scilicet

2082 3916 2165 3972 ita
2195 3917 2706 3991 exigente,prolixe
2737 3918 2967 3991 egimus
2993 3938 3006 3987 ;
3029 3917 3087 3973 in
3119 3934 3185 3973 eo
3216 3916 3370 3989 quod
3424 3930 3606 3971 unum
3634 3930 3735 3969 su-

2080 4011 2276 4076 perest
2306 4010 2424 4063 tam
2456 4008 2765 4064 verborum
2799 4008 2957 4080 parci
2983 4007 3162 4063 futuri
3194 4021 3425 4063 sumus.

2151 4094 2363 4166 Objicit
2390 4096 2573 4167 igitur
2590 4097 2760 4153 nobis
2774 4101 3069 4169 postremo
3083 4095 3209 4152 loco
3226 4093 3584 4151 Blanchinus
3619 4094 3731 4146 νας

2079 4184 2338 4241 ticanum
2370 4188 2637 4243 Codicem
2670 4188 2877 4243 saeculo
2906 4192 2970 4243 ut
2994 4186 3121 4258 ipse
3153 4185 3384 4251 asserit,
3419 4199 3572 4239 nono
3603 4198 3733 4239 exa-

2078 4278 2297 4338 ratum,
2330 4280 2589 4346 Actaque
2620 4281 2961 4332 sanctorum
2992 4275 3161 4344 Sixti,
3194 4272 3481 4330 Laurentii
3512 4275 3568 4327 et
3598 4270 3733 4343 Hip-

2079 4363 2257 4434 polyti
2276 4363 2429 4419 inter
2445 4365 2559 4421 alia
2580 4365 2995 4435 continentem,
3025 4364 3315 4435 inquibus
3336 4361 3508 4419 levita
3530 4364 3731 4416 noster

2078 4453 2446 4524 apertissime
2469 4454 2681 4509 dicitur
2696 4455 3134 4510 Romanuscivis.
3154 4452 3463 4510 Inducitur
3482 4451 3542 4506 in
3565 4451 3728 4507 Actis

2076 4542 2297 4611 Sixtus,
2329 4543 2676 4600 imminente
2699 4544 2888 4617 ipsius
2918 4543 3214 4616 passione,
3240 4541 3621 4598 Laurentium
3635 4557 3729 4597 vo-

2077 4647 2239 4702 cans,
2272 4632 2440 4704 eique
2471 4633 2736 4689 Ecclesiae
2768 4632 3077 4689 facultates
3099 4632 3459 4705 pauperibus
3480 4645 3723 4701 erogan-

2079 4720 2186 4776 das
2207 4721 2604 4788 committens,
2628 4722 2722 4777 his
2753 4721 2948 4778 verbis
2979 4724 3086 4793 (f):
3123 4721 3363 4791 Cumque
3391 4720 3525 4786 haec,
3556 4725 3609 4772 et
3638 4715 3727 4771 his

2075 4810 2289 4866 similia
2320 4828 2416 4867 suo
2444 4820 2628 4868 sancto
2658 4828 2911 4868 sermone
2936 4810 3291 4866 disseruisset
3320 4806 3581 4879 (Sixtus),
3626 4820 3721 4861 vo-

2074 4901 2215 4956 cavit
2247 4902 2627 4969 Laurentium,
2662 4901 3112 4957 archidiaconum
3130 4916 3314 4968 suum,
3339 4912 3504 4952 CIVEM
3534 4910 3721 4950 ROMA-

2073 5005 2217 5057 NUM,
2240 4989 2467 5062 dignum
2495 4992 2625 5060 Deo,
2655 4997 2705 5045 et
2730 4991 2835 5047 Deo
2876 4988 3007 5061 (sic)
3054 4991 3260 5053 virum,
3318 4994 3373 5041 et
3420 4984 3613 5040 habitu
3667 4990 3723 5038 ct

2143 5185 2220 5257 (b)
2247 5185 2378 5241 Vid.
2412 5186 2493 5241 Cl.
2528 5185 2866 5242 Dominicus
2895 5184 3126 5257 Georgii
3150 5183 3207 5238 in
3240 5182 3402 5238 Pref.
3440 5197 3571 5238 nov.
3603 5182 3725 5239 edit

2068 5257 2309 5326 Adonis,
2341 5262 2535 5313 Romae
2571 5260 2726 5326 1745,
2762 5275 2820 5313 n.
2856 5258 2943 5310 10.

2138 5330 2208 5399 (e)
2242 5330 2549 5386 Murator..
2578 5330 2729 5386 Diss.
2768 5331 2836 5385 de
2857 5328 3076 5399 Liturg.
3113 5326 3278 5393 Rom,
3310 5328 3445 5397 vet.,
3479 5343 3604 5398 cap.
3662 5326 3718 5397 3,

2069 5398 2271 5456 col.’21
2308 5405 2365 5455 et
2392 5402 2481 5455 29.

2132 5471 2209 5543 (ά)
2246 5472 2528 5537 Merend.,
2558 5473 2769 5545 Opusc.
2804 5475 2859 5526 et
2890 5473 3038 5542 gest.
3101 5468 3338 5525 Damasi
3396 5469 3524 5525 sub.
3561 5468 3717 5533 init,

2066 5559 2197 5614 pag.
2230 5545 2283 5597 2.

2134 5620 2203 5681 (e)
2236 5615 2313 5670 De
2346 5616 2676 5679 Senectute,
2710 5630 2873 5669 num.
2905 5613 2960 5666 2.

2135 5688 2201 5758 (Γ)
2235 5687 2862 5753 Blanchinus,Annot.
2908 5701 2997 5739 ενι
3058 5684 3113 5738 in
3176 5683 3526 5750 Oraticnar.,
3584 5697 3711 5751 pag.

2058 5756 2185 5813 283.
