4156 6320
314 402 420 457 665

1240 406 1720 462 DISSBRTATIO
1754 408 1852 461 DE
1887 408 2187 463 DAMABO
2226 411 2317 464 ET
2354 412 2791 468 LAURENTIO.

3621 412 3729 467 666

385 526 489 581 Sed
515 526 710 600 ego,si
732 525 1361 593 Blanchinusinsistat,
1390 546 1503 584 non
1528 528 1718 584 solum
1746 546 1963 599 parem,
1994 529 2048 594 Α
2079 532 2212 588 dam
2236 549 2364 590 esse
2387 534 3091 607 apertissimeconvincit;
3118 550 3361 605 prorsus
3375 536 3727 591 utActorum

314 616 414 672 sed
453 615 625 688 longe
657 617 939 686 majorem
976 621 1153 686 atque
1206 618 1429 673 Adonis
1489 618 1806 673 auctoritas
1855 623 1965 681 est,

312 710 593 760 Actorum
627 706 696 761 de
729 705 947 776 quibus
980 705 1209 777 agimus
1242 707 1510 779 scriptori
1533 708 1717 779 gratis
1737 723 1966 762 conces-

314 811 474 861 sero;
499 794 675 850 verba
696 794 924 849 tanium
944 795 1253 866 utriusque
1269 796 1519 851 ciinferri
1537 797 1685 851 inter
1698 813 1757 852 se
1772 798 1961 869 cupio.

311 885 455 938 Acta
477 884 851 938 Laurentium
871 887 1043 940 civem
1063 886 1362 940 Romanun
1385 886 1619 941 dicunt:
1645 888 1765 941 Ado
1790 889 1965 957 quoad

308 989 483 1043 genus
511 976 815 1045 Hispanum
846 991 980 1029 eum
1014 976 1244 1042 asserit,
1278 975 1556 1030 eruditum
1586 985 1767 1031 tamen
1791 981 1844 1030 et
1866 994 1963 1031 nu-

309 1062 509 1118 tritum
539 1064 759 1126 Romae;
810 1081 1058 1135 quorum
1093 1080 1429 1135 quanquam
1482 1065 1645 1136 prius
1690 1064 1854 1120 colon
1889 1066 1959 1120 ai

309 1150 599 1223 originem
631 1152 827 1208 forsan
861 1152 1059 1209 referri
1085 1153 1293 1224 possit,
1318 1153 1681 1209 contrahitur
1708 1158 1905 1209 tamen
1928 1172 1961 1210 a

305 1241 642 1312 posteriori,
661 1250 715 1296 et
738 1243 807 1297 de
828 1241 1020 1313 patria
1040 1242 1280 1297 omnino
1304 1242 1606 1313 periodum
1630 1244 1958 1315 intelligen-

378 1402 457 1473 (a)
494 1403 621 1475 Leg.
650 1403 711 1458 in
742 1408 862 1459 toto
898 1405 989 1470 b0,
1023 1405 1080 1459 ﬂ“.
1114 1404 1183 1458 de
1216 1405 1276 1460 Ii.
1310 1405 1350 1459 I.

2076 622 2239 677 locus
2271 622 2440 695 longe
2489 641 2663 696 quam
2714 624 2811 678 ille
2864 624 3082 679 Adonis
3112 623 3441 694 generalior
3471 624 3563 678 sit.
3595 624 3725 679 Jam

2072 726 2207 766 vero
2228 729 2295 765 ex
2318 714 2549 784 optimae
2573 712 3067 784 interpretationis
3100 728 3354 767 canone:
3378 714 3435 766 in
3466 715 3729 782 conﬂictu

2073 799 2335 873 duplicis,
2370 803 2677 874 Scripturw
2705 817 2899 869 sacrm,
2924 809 3018 856 aut
3050 810 3289 857 veterum
3320 803 3550 857 Patrum
3571 804 3726 858 testi-

2072 892 2275 957 monii,
2297 909 2527 961 quorum
2557 894 2791 947 alterum
2823 909 2945 945 cum
2973 893 3144 946 altero
3173 908 3425 961 pugnare
3454 892 3720 959 videatur,

2070 981 2387 1050 generalius
2436 984 2621 1035 minus
2667 980 2937 1051 generali.
2970 996 3081 1034 non
3110 996 3139 1034 e
3169 980 3453 1035 contrario
3481 996 3722 1035 accomo-

2070 1068 2198 1123 dari
2208 1070 2545 1141 debet,quod
2560 1070 2589 1125 J
2603 1069 2977 1125 urisconsulti
2991 1069 3213 1141 vulgari
3230 1069 3519 1125 axiomate
3531 1069 3725 1140 generi

2068 1175 2167 1229 per
2194 1162 2426 1230 speciem
2454 1160 2710 1230 derogari
2740 1160 2838 1231 (a),
2871 1159 3096 1216 dicunt.
3138 1159 3305 1214 Nunc
3357 1163 3555 1214 autem
3602 1160 3719 1229 jam

2070 1248 2241 1319 Operi
2273 1249 2445 1304 ﬁnem
2480 1248 2878 1321 imponamus.

1653 1724 2368 1813 CONCLUSIO.

376 2070 645 2125 Adducta
668 2085 771 2141 pro
790 2068 1644 2141 vulgari,receptissimaquede
1661 2070 1957 2125 Laurentii
1990 2064 2037 2129 B
2067 2065 2280 2137 iisque,
2311 2070 2365 2123 et
2396 2066 2591 2140 gloria
2645 2070 3105 2126 retinentissima
3161 2071 3540 2127 decessurum
3590 2087 3719 2128 esse

301 2160 497 2234 patria
553 2159 849 2215 sententia
906 2159 1175 2215 sufﬁcere
1233 2158 1507 2225 arbitror,
1540 2165 1606 2214 ut
1648 2159 1956 2215 Blanchini

300 2257 476 2321 atque
509 2249 977 2305 adversariorum
1016 2251 1381 2321 argumentis
1413 2252 1702 2323 tantisper
1730 2254 1952 2307 occurri

298 2341 372 2393 ab
390 2339 669 2409 Hispanis
684 2338 1035 2410 possit,dum
1057 2338 1591 2395 industrioreorum
1612 2341 1823 2411 aliquis
1840 2358 1951 2395 non

295 2427 721 2500 perfunctorie,
753 2432 817 2481 ut
851 2443 977 2492 nos,
1011 2426 1160 2482 hanc
1191 2427 1303 2483 sibi
1336 2431 1657 2485 ornandam
1692 2434 1951 2502 spartam

292 2518 779 2589 deposcat,quod,
792 2521 852 2572 ut
867 2515 1026 2572 initio
1042 2518 1767 2591 monuimus,propositum
1786 2520 1953 2575 nobis

292 2606 427 2661 fuit.
454 2607 580 2661 Erit
600 2610 657 2661 et
679 2605 735 2659 in
764 2606 836 2659 iis
861 2607 1146 2675 fortassis,
1167 2625 1283 2679 quo
1304 2614 1469 2663 vetus
1495 2610 1593 2664 illa
1614 2612 1952 2666 eorumdem

288 2696 492 2768 opinio
527 2697 876 2752 attributum
902 2696 1014 2768 ipsi
1049 2715 1161 2752 non
1199 2717 1231 2753 a
1261 2700 1600 2756 domesticis
1632 2703 1826 2767 modo,
1849 2703 1951 2757 sed

288 2792 349 2841 et
400 2785 472 2840 ab
524 2786 736 2841 exteris
770 2786 1104 2858 quibusque
1138 2787 1528 2860 scriptoribus
1561 2792 1802 2861 maioris
1836 2809 1954 2863 prae

289 2875 428 2931 aliis
445 2875 873 2946 probabilitatis
889 2876 1135 2947 gradum
1152 2877 1608 2949 dignitatemque
1623 2880 1788 2936 facile
1801 2884 1951 2937 tueri

292 2964 657 3035 traditioque
688 2965 949 3035 ipsorum
982 2983 1012 3019 a
1046 2967 1369 3036 majoribus
1401 2974 1659 3040 accepta,
1692 2970 1951 3041 antiquis

291 3054 698 3110 monumentis
729 3054 1094 3121 confirmata,
1116 3056 1555 3127 continentique
1587 3062 1639 3113 et
1673 3064 1951 3131 perpetuo

292 3142 395 3197 {ilo
408 3143 477 3197 ad
494 3142 617 3198 haec
634 3159 819 3215 usque
833 3146 1097 3215 tempora
1113 3144 1221 3199 ded
1232 3150 1567 3213 ucta,novas
1581 3148 1732 3204 vires
1746 3165 1951 3221 capere

291 3232 515 3303 possit;
542 3232 655 3287 imo
680 3233 880 3299 etiam,
905 3249 1019 3305 quo
1044 3233 1297 3304 priscam
1322 3234 1859 3311 illam,nedumque
1880 3242 1952 3295 ab

292 3321 604 3376 hominum
638 3322 924 3376 memoria
955 3323 1412 3379 remotissimam
1435 3330 1635 3397 (quam
1669 3328 1951 3385 immemo-

291 3411 495 3466 rialem
530 3410 741 3481 vulgus
765 3410 1063 3481 appellat),
1088 3413 1185 3466 sed
1214 3412 1329 3468 fere
1351 3415 1942 3486 sesquimillenariam
1977 3429 2020 3495 α

292 3499 692 3571 Hispanorum
710 3500 782 3555 de
802 3499 1098 3554 Laurentii
1130 3501 1285 3572 apud
1320 3502 1480 3573 ipsos
1513 3505 1691 3559 natali
1715 3524 1947 3578 posses-

295 3589 549 3655 sionem,
583 3604 699 3659 qua
729 3588 968 3642 demum
1015 3588 1249 3644 eosdem
1300 3592 1581 3648 excidisse
1631 3596 1947 3653 adversarii

288 3678 585 3749 jactitant,
615 3677 925 3734 retinendae
974 3680 1128 3749 quod
1184 3684 1392 3735 vocant
1450 3682 1759 3753 interdicto,
1811 3688 1949 3757 quod

294 3768 525 3823 scilicet
551 3782 653 3822 nec
682 3769 867 3833 vi,nec
892 3766 1175 3834 clam,nec
1198 3772 1473 3839 precario,
1490 3772 1631 3827 alter
1651 3775 1720 3828 ab
1739 3774 1944 3844 altera,

287 3858 659 3913 Laurentium
689 3856 950 3912 hactenus
970 3857 1393 3928 possederimus,
1427 3869 1521 3916 aut
1542 3862 1945 3933 possideamus,

286 3965 391 4020 per
406 3946 756 4003 litterarium
771 3950 1078 4019 praetorem
1095 3947 1162 4002 ad
1164 3948 1187 4018 j
1200 3949 1487 4006 uvandam
1502 3956 1676 4024 atque
1688 3957 1947 4011 adversus

286 4053 411 4092 eam
439 4036 554 4091 vim
583 4037 711 4107 ﬁeri
738 4035 1038 4090 petundum
1069 4036 1313 4108 Hispani
1340 4057 1667 4110 speremus.

355 4125 459 4179 Sin
485 4141 620 4179 vero
655 4130 865 4196 prater
916 4124 1099 4180 animi
1150 4128 1524 4198 sententiam,
1556 4136 1714 4187 certe
1746 4138 1947 4189 contra

283 4219 488 4272 votum
503 4213 815 4269 conatibus
828 4213 989 4269 hisce
1010 4216 1227 4271 nostris
1240 4217 1535 4287 publicam
1551 4218 1943 4291 Hispanorum

287 4320 531 4362 causam
565 4303 807 4360 minimc
832 4304 1027 4374 juvari
1060 4304 1369 4378 contigerit
1410 4308 1636 4379 (eadem
1671 4311 1741 4366 de
1768 4311 1945 4382 priori

286 4395 344 4450 in
368 4412 485 4464 quo
509 4394 579 4447 de
602 4393 852 4448 Damaso
868 4394 1097 4463 egimus
1114 4396 1939 4469 opusculodictacensentor):

286 4488 550 4539 nostram
607 4484 803 4552 potius
853 4482 1193 4538 tenuitatem
1228 4485 1615 4542 incusandam
1648 4489 1939 4558 volumus,

285 4588 468 4645 quam
519 4572 673 4643 quod
727 4570 982 4641 utrique,
1018 4576 1119 4627 aut
1148 4572 1312 4628 alteri
1344 4592 1412 4630 ex
1444 4576 1534 4631 his
1567 4577 1942 4649 opinionibus

288 4662 446 4733 apud
478 4660 634 4715 viros
666 4660 867 4715 doctos
890 4659 974 4715 vel
1008 4660 1321 4718 minimum
1356 4666 1742 4735 probabilitas
1775 4668 1942 4724 dece—

288 4754 410 4808 dat.
435 4752 552 4807 Nos
570 4755 725 4806 certe
749 4751 1246 4851 susceptilaboris
1280 4772 1582 4827 nunquam
1615 4759 1939 4829 paenitebit,
1975 4794 2017 4859 Β

288 4858 465 4914 quem
493 4856 595 4896 nec
618 4840 750 4895 aliis
772 4840 1020 4895 districti
1056 4844 1333 4910 majorem
1358 4846 1941 4920 adbibere,neque,si

290 4932 550 5004 primum
601 4928 865 4985 omnium
900 4945 1039 5001 erga
1071 4934 1250 4985 Deum
1281 4933 1541 4991 ofﬁcium
1590 4937 1933 5009 dempseris,

286 5020 596 5076 honestius
627 5035 805 5089 quam
837 5019 985 5073 bene
1012 5021 1287 5077 merendo
1319 5023 1390 5078 de
1421 5024 1609 5095 patria
1654 5025 1935 5083 collocare

286 5126 551 5182 unquam
583 5107 906 5180 potuimus.

356 5200 584 5254 Interea
613 5214 747 5253 vero
783 5197 831 5253 si
862 5196 953 5253 vel
999 5197 1420 5268 insipientibus
1469 5219 1603 5258 cum
1652 5205 1932 5277 Apostolo

280 5289 513 5344 debitor
535 5302 659 5344 esse
689 5286 1050 5343 Blanchinus
1080 5288 1236 5357 velit,
1258 5291 1550 5347 sustineat
1572 5310 1684 5362 me,
1712 5312 1928 5366 quaeso,

281 5379 467 5435 amice
482 5380 975 5444 commonentem,
995 5393 1067 5433 ne
1080 5394 1147 5433 ex
1166 5378 1457 5451 Hispanias
1481 5384 1930 5455 nostraejactura

278 5486 458 5524 novas
473 5466 613 5522 Urbi
636 5466 842 5521 laudes
866 5483 1131 5522 asserere
1156 5467 1428 5541 deinceps
1443 5473 1933 5545 studeat,alioque

275 5559 471 5630 potius
490 5555 989 5612 commendabiles
1011 5556 1339 5624 labores,ac
1352 5560 1577 5631 vigilias
1593 5581 1731 5619 suas
1746 5569 1932 5619 trans.

278 5646 455 5716 ferat;
481 5644 532 5702 si
563 5644 721 5700 enim
755 5643 1053 5700 Laurentii
1087 5645 1311 5701 natales
1330 5647 1601 5720 Hispanis
1630 5653 1928 5726 eripuerit,

277 5733 605 5808 plurimum
635 5731 749 5790 sibi
780 5731 1022 5791 honoris
1053 5750 1199 5808 gens
1222 5734 1386 5793 avitas
1409 5736 1929 5815 religionis,pieta-

354 5926 430 6005 (a)
454 5930 733 5990 Lnnotat.
754 5942 849 5988 av:
873 5928 1224 6006 Orationem,
1252 5949 1391 6011 pag.
1419 5936 1527 5997 294
1553 5936 1617 5999 in
1646 5938 1750 5999 ﬁn.

2067 2156 2446 2224 existimabit;
2463 2174 2596 2213 cum
2613 2158 3010 2215 siecontrario
3027 2159 3252 2215 levitam
3276 2160 3719 2217 sanctissimum

2064 2243 2202 2299 Urbi
2253 2246 2613 2302 Blanchinus
2664 2248 2939 2317 ascribat,
2974 2266 3088 2304 non
3124 2250 3314 2320 magis
3347 2249 3562 2305 idcirco
3594 2267 3715 2306 rem

2064 2334 2384 2389 Romanam
2410 2341 2689 2391 aucturus
2706 2338 2990 2407 sit,quam
3007 2338 3054 2391 si
3074 2355 3236 2408 aqua:
3260 2338 3497 2393 situlam
3516 2340 3719 2410 pelago

2061 2424 2362 2478 infuderit.
2398 2426 2584 2480 Habet
2632 2431 2908 2497 praeterea
2936 2426 3119 2481 Roma
3151 2427 3334 2482 multo
3368 2427 3499 2497 plus
3532 2444 3708 2498 quam

2060 2514 2339 2585 Hispania
2355 2522 2553 2569 nostra
2566 2516 2719 2586 quod
2736 2514 2846 2570 sibi
2861 2514 3186 2571 vindicetin
3206 2516 3712 2587 Laurentio,quem

2058 2603 2281 2673 gremio
2313 2619 2557 2674 puerum
2580 2604 2819 2675 excepit,
2841 2621 2943 2674 pro
2965 2621 3070 2660 suo
3092 2606 3382 2675 educavit,
3406 2604 3708 2663 ecclesias-

2057 2690 2308 2762 ticisque
2336 2692 2663 2748 honoribus
2694 2693 2982 2749 viventem
3017 2698 3211 2762 auxit;
3246 2702 3545 2751 mortuum
3569 2712 3702 2752 vero

2056 2781 2899 2837 honoriﬁcentissimotumulo
2913 2784 3264 2855 composuit,
3281 2801 3595 2856 sacrosque
3619 2785 3708 2857 ip-

2059 2870 2183 2926 sius
2204 2871 2427 2926 cineres
2450 2871 2659 2926 eximie
2678 2872 2747 2927 ad
2769 2872 2919 2927 hanc
2946 2888 3132 2945 usque
3156 2874 3311 2929 diem
3336 2874 3534 2930 coluit.
3552 2875 3704 2930 Gau-

2057 2960 2189 3015 deat
2208 2960 2758 3031 igitur,exsu1tet,ac
2772 2961 3088 3033 triumphet
3108 2963 3349 3019 alumno
3371 2981 3436 3019 ac
3452 2970 3704 3034 martyre

2057 3066 2164 3103 suo
2199 3050 2419 3117 Roma;
2453 3068 2567 3105 non
2602 3052 2759 3107 enim
2793 3052 2951 3107 orbis
2982 3053 3252 3121 dominae,
3288 3054 3704 3124 communique

2056 3138 2358 3209 religionis
2390 3139 2613 3210 parenti
2643 3157 2809 3196 veras
2843 3141 3203 3213 minimeque
3245 3143 3471 3198 fucatas
3500 3142 3706 3199 laudes

2056 3227 2338 3300 Hispania
2352 3233 2551 3284 nostra
2564 3229 3209 3296 invidet,autinvidebit
3224 3247 3497 3299 usquam;
3516 3247 3706 3303 neque

2057 3316 2270 3371 Urbem
2284 3318 2542 3373 vicissim
2566 3318 3113 3389 obsequentissimzs
3136 3319 3397 3375 omnium
3414 3319 3548 3376 filiae
3563 3321 3708 3376 Lau-

2059 3406 2231 3461 rentil
2251 3407 2809 3463 natalesinvisuram
2827 3406 3205 3478 pertimescit;
3220 3409 3541 3480 praesertim
3568 3425 3703 3464 cum

2059 3495 2255 3551 illatot
2273 3500 2554 3568 martyres
2569 3498 2785 3551 nedum
2802 3496 3050 3563 Christo,
3073 3498 3173 3553 sed
3198 3503 3255 3554 et
3278 3499 3498 3553 mundo
3522 3513 3699 3570 pepe-

2058 3586 2218 3654 rerit,
2246 3590 2309 3640 ut
2330 3601 2395 3640 eo
2418 3585 2595 3640 etiam
2630 3586 2867 3640 nomine
2890 3586 3073 3652 beata,
3090 3592 3323 3657 aeterna,
3347 3589 3703 3659 princepsque

2056 3674 2281 3729 urbium
2314 3673 2594 3745 appellari
2628 3674 2925 3729 meruerit.

2127 3765 2237 3818 Tot
2266 3780 2401 3835 ergo
2433 3763 2614 3835 dapes
2650 3780 2783 3817 cum
2817 3763 3030 3819 habeat
3048 3764 3231 3820 Roma
3249 3766 3466 3837 quibus
3490 3766 3705 3823 instru-

2056 3852 2351 3907 ctissimas
2375 3850 2807 3907 conﬂuentibus
2829 3868 2897 3907 ex
2917 3856 3036 3906 toto
3057 3853 3196 3907 orbe
3222 3854 3475 3909 convivis
3498 3856 3704 3927 epulas

2056 3942 2185 3997 sine
2236 3939 2481 3996 aliorum
2532 3940 2841 4011 dispendio
2873 3955 3199 4012 prmparare
3230 3945 3420 4013 potest
3452 3959 3465 3997 :
3500 3949 3701 4014 parcat

2057 4049 2252 4105 quaeso
2280 4029 2636 4086 Blanchinus
2664 4029 2921 4098 ovicula,
2948 4047 3124 4102 quam
3155 4031 3437 4087 hactenus
3469 4049 3571 4103 pro
3593 4050 3701 4088 sua

2055 4121 2209 4178 inter
2239 4122 2390 4176 filios
2423 4119 2704 4175 enutrivit
2733 4119 3013 4191 Hispania
3044 4125 3264 4189 ucstra,
3295 4138 3591 4193 quamque
3630 4123 3700 4177 de

2054 4212 2243 4282 ipsius
2261 4226 2409 4281 pane
2433 4210 2853 4276 comedentem,
2890 4210 2960 4264 de
2982 4210 3158 4264 calice
3182 4212 3501 4279 bibentem,
3525 4216 3701 4283 atque

2055 4300 2115 4355 in
2131 4299 2337 4354 matris
2352 4299 2483 4355 sinu
2500 4298 2882 4354 dormientem
2901 4299 3189 4366 aluit,nisi
3204 4300 3419 4355 iratum
3435 4300 3703 4372 indigna-

2052 4389 2211 4445 tione
2226 4389 2673 4457 Dominum,aut
2686 4387 3030 4458 prophetam
3051 4388 3252 4444 audire
3266 4389 3423 4455 velit,
3440 4406 3699 4461 pronun-

2054 4480 2299 4534 tiantem
2331 4494 2343 4531 :
2372 4478 2509 4531 Vivit
2537 4478 2795 4532 Dominus
2824 4479 3089 4547 quoniam
3109 4478 3260 4547 ﬁlius
3290 4481 3480 4535 mortis
3509 4488 3590 4535 est
3614 4482 3701 4534 vir

2052 4570 2148 4640 qui
2175 4568 2305 4639 fecit
2337 4569 2434 4622 hoc
2457 4570 2528 4637 (II
2556 4568 2677 4637 Reg.
2710 4584 2811 4633 x11,
2839 4567 2918 4637 5).

2123 4657 2363 4722 Quando
2393 4660 2588 4712 autem
2616 4656 2673 4709 in
2699 4660 2960 4710 extrema
2982 4656 3399 4728 disputationis
3420 4661 3582 4729 parte
3604 4675 3699 4714 ve-

2055 4748 2213 4802 niam
2246 4747 2316 4802 ab
2348 4745 2623 4816 Hispanis
2654 4744 3019 4800 Blanchinus
3051 4746 3196 4816 petit
3242 4747 3385 4819 quod
3410 4764 3511 4818 pro
3542 4752 3698 4803 tanto

2051 4839 2332 4908 (quantus
2354 4834 2703 4890 Laurentius
2723 4835 2832 4905 est)
2852 4840 3104 4906 martyre
3124 4836 3420 4907 repetundo
3449 4839 3700 4892 veritatis

2048 4942 2232 4983 amore
2260 4929 2311 4980 et
2328 4924 2599 4981 charitate
2628 4941 2739 4978 non
2769 4924 2895 4992 ﬁcta
2925 4924 3255 4995 pugnaverit
3278 4926 3354 4997 (a)
3384 4942 3402 4979 :
3432 4930 3701 4996 superest

2044 5020 2109 5073 ut
2131 5016 2178 5071 si
2204 5015 2430 5070 illatam
2455 5014 2526 5068 ab
2552 5015 2678 5084 ipso
2701 5013 3002 5084 Hispanis,
3024 5018 3089 5069 ut
3107 5015 3692 5086 putamus,injuriam

2044 5104 2271 5174 ulturi,j
2284 5108 2426 5159 ustae
2441 5109 2616 5174 atque
2630 5102 2865 5158 urbanae
2881 5103 3237 5160 defensionis
3252 5106 3488 5160 modum
3503 5122 3697 5161 exces-

2044 5196 2319 5261 serimus,
2344 5198 2444 5248 aut
2470 5194 2641 5264 paulo
2672 5208 2847 5263 quam
2882 5193 3181 5263 expediret
3202 5194 3697 5251 acrioreslectori-

2042 5284 2151 5340 bus
2181 5283 2288 5339 visi
2323 5298 2552 5349 sumus,
2585 5280 2837 5351 benigne
2868 5280 3039 5335 nobis
3088 5298 3192 5353 per
3240 5283 3347 5339 hos
3397 5284 3693 5355 indulgeri

2041 5388 2349 5445 speremus
2380 5391 2393 5439 ;
2428 5385 2659 5425 summo
2693 5374 2888 5424 autem
2912 5368 3055 5437 viro,
3082 5370 3268 5426 amico
3300 5372 3438 5427 item
3471 5378 3690 5439 nostro,

2040 5462 2229 5532 deque
2252 5458 2533 5531 Hispanis
2566 5457 2710 5513 alias
2738 5458 2956 5528 optime
2977 5459 3181 5515 merito
3198 5459 3518 5519 Blanchino
3541 5463 3689 5519 acci-

2040 5566 2255 5605 namus
2286 5548 2670 5604 Horatianum
2705 5545 2850 5601 illud
2884 5547 2960 5619 (ὁ)
2992 5563 3005 5602 :

2100 5691 2325 5752 Scimus,
2354 5694 2407 5741 et
2434 5691 2573 5741 hanc
2600 5689 2813 5741 veniam
2844 5692 3182 5758 petimusque
3208 5694 3503 5760 damusque
3531 5694 3691 5823 Eicis-

3566 5772 3683 5810 sun.

3566 5772 3683 5810 sun.

2109 5943 2190 6021 (ὁ)
2217 5946 2281 6004 In
2310 5945 2437 6003 Art.
2468 5945 2615 6004 Poet.
