4156 6320
444 410 545 465 671
1285 407 1631 459 ADDENDA
1668 408 1766 459 AD
1804 405 2148 471 QUOSDAM
2184 409 2720 464 PRBCEDENTES
2755 409 3011 465 TOMOS.
3749 406 3863 459 672

1484 675 1708 775 AD
1794 673 2455 780 TOMUM
2535 678 2812 781 XX.

573 851 1277 1011 CABMINA
1359 850 2066 1009 SULPICIO
2150 853 2757 1012 SEVERO
2830 849 3743 1008 ATTBIBUTA.

500 1173 949 1246 Honoratissimis
977 1171 1217 1246 dominis
1234 1170 1493 1246 Mitteret
1524 1171 1906 1246 Aubenasdum
1958 1172 2178 1246 olim,in
2209 1174 2523 1228 recensione
2558 1172 2757 1229 Revue
2788 1172 3306 1246 bibliographique
3333 1169 3624 1242 inscripta,
3642 1178 3865 1246 tomum

431 1245 763 1317 Patrologiae
792 1254 994 1317 nostra
1014 1243 1338 1317 vigesimum
1364 1243 1433 1297 ad
1448 1243 1759 1317 benevolum
1783 1242 2091 1315 aequissimi
2102 1246 2383 1317 examinis
2401 1246 2682 1317 trutinam
2693 1242 3118 1317 perpenderent,
3128 1249 3187 1299 in
3202 1242 3398 1299 uersus
3408 1244 3770 1317 panegyricos
3782 1243 3860 1297 de

436 1316 742 1372 S.Martino
769 1315 1000 1385 contigit
1030 1316 1626 1385 incidere,quos,antea
1657 1315 2025 1383 ine/litosmon
2052 1315 2289 1388 absurbe
2319 1316 2561 1387 Sulpicio
2596 1315 2987 1373 Severo—tribui
3014 1333 3169 1388 posse
3190 1317 3406 1387 opinati
3426 1315 3863 1386 sunt,primique

432 1404 502 1443 ea:
528 1390 941 1443 membranaceo
971 1388 1149 1442 codice
1167 1388 1505 1443 bibliotheczv
1526 1386 2503 1457 regizdl'ondsS.-Victor)num.480,
2537 1390 2677 1446 folia
2708 1390 2811 1443 413
2842 1386 3159 1444 continente
3187 1386 3247 1442 in
3279 1389 3455 1443 lucem
3483 1388 3858 1458 protulereJn

434 1460 533 1514 illo
562 1464 746 1515 autem
775 1461 954 1514 codice
982 1463 1201 1513 exstant
1234 1474 1247 1513 :
1285 1461 1339 1513 1ο
1377 1461 1492 1514 Vita
1522 1461 1578 1513 S.
1607 1460 1839 1513 Martini
1870 1460 2212 1525 Turonensis,
2239 1464 2463 1514 auctore
2490 1461 2739 1530 Sulpicio
2766 1461 2960 1515 Severo
2995 1479 3009 1529 ;
3059 1463 3119 1513 2°
3150 1459 3388 1521 eiusdem
3416 1458 3664 1530 epistola
3692 1463 3808 1512 tres
3840 1474 3864 1513 :

434 1480 533 1514 ιιισ
562 1480 746 1515 autem
775 1480 954 1514 εοαιδϐ
982 1480 1201 1513 επδιαηι
1234 1480 1247 1513 ἰ
1285 1480 1339 1513 1υ
1379 1480 1492 1514 νιια
1522 1480 1578 1513 ι).
1607 1480 1836 1513 ινιανιῖπῑ
1873 1480 2212 1525 ιιινοηεηδῖδ,
2239 1480 2463 1514 αυσιθνϐ
2490 1480 2592 1517 aut
2634 1480 2739 1516 ιειο
2766 1480 2960 1515 oeuero
2995 1480 3009 1529 ς
3060 1480 3119 1513 Z“
3150 1480 3388 1521 etusaem
3416 1480 3664 1530 epistulae
3692 1480 3808 1512 ινα
3840 1480 3864 1513 ἔ

433 1548 604 1585 unam
635 1532 894 1597 Eusebio,
928 1532 1164 1585 alteram
1195 1531 1439 1595 Aurelio,
1471 1531 1689 1586 tertium
1721 1532 1985 1586 Bussulaz:
2010 1532 2070 1602 3‘?
2098 1531 2319 1601 dialogi
2349 1535 2455 1587 tres
2486 1534 2543 1587 in
2667 1536 3002 1598 Martinam;
3026 1532 3085 1585 4ο
3116 1532 3337 1587 demum
3366 1547 3535 1602 supra
3559 1530 3865 1602 memorati

434 1605 749 1673 versus,qui
777 1605 909 1673 folio
928 1604 997 1655 53
1018 1619 1165 1658 verso
1198 1608 1513 1672 occurrunt,
1548 1602 1639 1657 hic
1668 1611 1850 1658 autem
1874 1620 1907 1657 a
1937 1600 2093 1657 nobis
2123 1604 2182 1657 in
2210 1600 2575 1673 supplementi
2603 1606 2774 1660 vicem
2802 1600 3487 1660 exscribunturSimilem
3514 1602 3645 1657 torni
3670 1600 3858 1657 trede-

431 1678 570 1730 cimi
599 1677 855 1730 lacunam
888 1676 1132 1730 versibus
1162 1675 1217 1730 S.
1252 1676 1475 1729 Damasi
1504 1674 1733 1729 ineditis
1747 1675 1869 1745 jam
1897 1675 2153 1745 superius
2176 1674 2551 1746 explevimus,
2600 1676 3041 1732 doctissimorum
3079 1677 3257 1731 Miller
3312 1680 3365 1732 et
3396 1675 3649 1731 Aubenas
3677 1689 3861 1745 supra

437 1746 788 1803 laudatorum
807 1746 1253 1803 honoratissimis
1282 1746 1747 1803 admonitionibus
1772 1750 1991 1819 gratam
2020 1745 2188 1801 simul
2209 1745 2261 1802 et
2278 1747 2502 1817 facilem
2530 1753 2720 1805 autem
2747 1749 3075 1821 praebentes.
3112 1748 3273 1803 Eorr.

1950 1072 2357 1085 ————_

898 1981 962 2036 In
985 1980 1196 2050 foribus
1215 1978 1415 2051 prima!
1434 1980 1619 2036 Cellae.
2110 1979 2166 2046 Α
2198 1980 2333 2036 Esto
2364 1979 2610 2037 humilis
2632 1997 2809 2038 sensu
2842 1981 2943 2038 sed
2976 1984 3201 2038 sectare
3232 1982 3539 2035 vocantem
3567 1998 3582 2047 ;

431 2069 713 2126 Venimus
743 2086 813 2125 en
847 2070 1138 2135 istuc,hic
1172 2086 1275 2125 nec
1309 2086 1464 2124 nunc
1497 2072 1775 2140 personat
1806 2068 1952 2125 eheu
1981 2068 1993 2123 l
2268 2069 2557 2125 Martinus
2580 2075 2796 2126 reserat
2824 2086 2969 2143 quas
2994 2085 3269 2125 venerere
3302 2070 3477 2125 fores.

508 2159 792 2215 Venimus
821 2174 892 2213 en
924 2159 1101 2226 istuc,
1125 2163 1182 2213 et
1210 2158 1404 2214 crucis
1438 2174 1603 2213 arma
1634 2158 1833 2214 silent.
2198 2159 2329 2215 Haec
2360 2164 2488 2214 tuta
2516 2164 2606 2215 est
2633 2160 2814 2215 turris
2845 2159 3092 2232 trepidis
3109 2160 3337 2229 objecta
3367 2156 3639 2230 superbis

434 2250 580 2305 Vere
612 2248 856 2305 bellator
881 2249 1105 2303 Domini
1127 2262 1150 2287 α
1207 2248 1457 2303 dormite
1487 2248 1621 2319 pius
1650 2246 1800 2303 heul
2266 2247 2433 2303 Elata
2462 2248 2798 2315 excludens,
2832 2247 2998 2303 mitia
3029 2248 3201 2303 corda
3231 2252 3457 2320 tegens.

506 2340 758 2397 Bellator
791 2340 1006 2396 dormit
1037 2339 1467 2395 desiderandus
1500 2339 1695 2394 homo.
2199 2335 2421 2393 Celsior
2451 2336 2553 2393 illa
2582 2342 2777 2393 tamen
2810 2354 2938 2409 quae
2971 2336 3097 2393 coeli
3128 2336 3281 2393 vexit
3312 2336 3383 2391 ad
3412 2351 3608 2392 arcem

433 2435 729 2486 Intremus
761 2434 955 2484 tamen
983 2433 1040 2484 et
1071 2430 1211 2483 ﬂetu
1246 2428 1636 2499 precibusque
1667 2443 1986 2498 precemur
2270 2428 2587 2484 Martinum
2620 2430 2924 2500 astrigeris
2955 2428 3265 2485 ambitiosa
3294 2426 3428 2482 viis.

507 2521 858 2577 Sanctorum
890 2518 1209 2574 Dominum
1245 2518 1599 2589 Martinique
1630 2517 1837 2583 Deum,
2199 2516 2338 2572 Inde
2367 2522 2532 2573 vocat
2564 2517 2813 2589 populos
2844 2517 2943 2589 qui
2975 2517 3224 2590 praevius
3252 2516 3321 2572 ad
3355 2516 3509 2572 bona
3542 2513 3767 2571 Christi

434 2615 902 2680 Sternamusque
934 2608 1060 2665 loco
1090 2625 1264 2679 quem
1293 2612 1535 2664 sanctus
1558 2607 1749 2662 ﬂendo
1782 2606 2049 2678 rigabat;
2273 2606 2577 2663 Sidereum
2608 2608 2914 2679 ingressus
2946 2604 3333 2663 sanctiﬁcavit
3363 2606 3494 2661 iter.

505 2699 531 2739 δ
560 2698 854 2754 Auxilium
881 2698 1052 2753 nobis
1083 2697 1327 2767 spiritus
1360 2697 1488 2767 ejus
1519 2697 1650 2751 erit.
2848 2698 2981 2752 Item
3022 2695 3200 2751 alius.

435 2786 691 2843 Bellator
719 2786 957 2849 dormit,
987 2792 1047 2840 tu
1081 2803 1187 2840 nos
1219 2787 1317 2841 sed
1352 2790 1587 2856 protege
1614 2784 1862 2851 Christe,
2203 2784 2479 2839 Intraturi
2501 2782 2697 2839 aulam
2728 2789 3069 2840 venerantes
3092 2784 3319 2839 lumina
3349 2782 3567 2839 Christi

510 2874 621 2939 Qui
653 2892 767 2930 non
802 2874 1083 2929 dormites
1115 2887 1136 2913 α
1171 2878 1406 2945 protege
1439 2873 1774 2928 lsrahelem.
2201 2872 2405 2927 Pellite
2438 2874 2769 2929 mundanas
2800 2878 2923 2929 toto
2945 2874 3015 2929 de
3041 2881 3269 2945 pectore
3300 2889 3492 2928 curas.

976 2965 1113 3018 Item
1142 2964 1199 3017 in
1235 2961 1391 3017 Cella
1419 2962 1555 3017 alia.
2203 2961 2273 3014 Et
2300 2960 2609 3016 desideriis
2642 2962 2908 3017 animum
2940 2965 3185 3017 vacuata
3218 2960 3500 3033 profanis.

443 3054 546 3110 llic
578 3052 936 3109 inhabitavit
965 3052 1193 3108 Domini
1216 3051 1459 3123 vestigio
1483 3050 1769 3120 lambens,
2202 3048 2486 3105 Votorum
2519 3067 2759 3123 compos
2792 3056 3015 3107 remeat
3044 3051 3326 3123 quijusta
3357 3053 3646 3122 precatur.

515 3142 618 3197 Hic
656 3141 1003 3197 inhabitavit
1030 3141 1122 3196 vir
1143 3140 1332 3197 crucis
1365 3157 1526 3197 arma
1559 3156 1794 3212 gerens;
2203 3139 2485 3210 Quisquis
2508 3140 2729 3212 templa
2758 3140 2858 3197 Dei
2892 3142 3185 3213 petiturus
3217 3145 3413 3196 mente
3438 3155 3646 3196 serena

447 3232 552 3287 Hic
584 3231 933 3288 inhabitavit
963 3234 1205 3287 sanctus
1237 3247 1540 3302 purusque
1559 3231 1854 3298 sacerdos,
2204 3228 2535 3300 lngrederis
2566 3230 2797 3284 veniam
2829 3230 3019 3301 culpis
3047 3231 3363 3302 deposcere
3393 3245 3601 3285 serena

522 3320 621 3376 llic
651 3320 1001 3377 inhabitavit
1024 3336 1284 3393 corpore,
1317 3320 1486 3375 corde
1518 3319 1776 3391 probus;
2125 3342 2173 3407 B
2206 3318 2535 3389 Iugrederis
2565 3318 2796 3375 veniam
2828 3318 3020 3391 culpis
3051 3320 3364 3391 deposcere
3393 3317 3561 3374 seris.

443 3410 547 3467 Hic
577 3411 927 3466 inhabitavit
957 3415 1188 3465 scutum
1211 3410 1302 3464 cui
1334 3415 1535 3464 sancta
1559 3409 1703 3464 ﬁdes
1734 3414 1792 3463 et
2201 3408 2327 3463 Non
2357 3408 2556 3463 animo
2592 3409 2767 3464 debes
2797 3426 2913 3464 non
2946 3408 3218 3464 vacillare
3251 3408 3385 3464 ﬁde.

516 3500 702 3555 Umbo
727 3500 919 3555 crucis
947 3500 1188 3554 verbum
1223 3498 1567 3569 splendibus
1600 3504 1776 3569 atque
1807 3497 2055 3552 micans.
2199 3499 2334 3561 Quae
2366 3497 2517 3567 petis
2546 3497 2915 3568 impetras,si
2941 3515 3086 3569 puro
3118 3502 3349 3569 pectore
3375 3513 3584 3568 poscas
3610 3516 3624 3565 ;

446 3589 549 3645 Hic
576 3587 929 3643 inhabitavit
959 3587 1095 3643 felix
1124 3587 1411 3643 heremita
1439 3587 1549 3643 sub
1581 3592 1772 3656 antro,
2273 3586 2434 3655 Fide,
2469 3591 2534 3642 ut
2562 3587 2689 3658 ipse
2720 3587 2823 3654 ait,
2857 3587 2942 3643 sic
2971 3603 3205 3658 quoque
3238 3586 3435 3642 salvus
3465 3586 3606 3653 eris,

519 3677 621 3733 Hic
645 3677 993 3734 inhabitavit
1024 3694 1197 3749 quem
1233 3676 1543 3748 paradisus
1576 3677 1771 3733 habet.

2228 3702 2332 3750 tem
2361 3696 2421 3750 in
2451 3696 2683 3751 introitu
2713 3712 2745 3749 a
2776 3705 2935 3765 parte
2964 3694 3256 3767 occidentis
3281 3710 3445 3767 super
3490 3694 3715 3750 ostium.
3748 3692 3869 3749 Hi-

905 3771 1048 3823 Item
1078 3767 1141 3821 in
1174 3766 1321 3822 Cella
1344 3769 1627 3822 interiore.
2725 3769 2905 3822 storia
2933 3768 3081 3830 picta
3112 3766 3320 3824 viduae.

448 3858 659 3914 Sancte
692 3858 1147 3926 Deus,misercre
1182 3855 1288 3911 loci
1321 3872 1492 3927 quem
1526 3872 1758 3927 semper
1789 3854 2021 3919 amasti,
2200 3853 2398 3910 Discat
2426 3854 2760 3925 evangelico
2792 3855 3091 3911 Christum
3125 3870 3393 3911 sermone
3428 3853 3592 3909 fateri

519 3946 727 4019 Dilige,
760 3945 1109 4017 multiplica,
1132 3949 1393 4016 protege,
1419 3960 1651 4015 semper
1678 3960 1829 4009 ama,
2271 3943 2529 4014 Quisque
2558 3944 2715 3998 venit
2742 3961 2973 4001 summo
3004 3950 3137 4000 vota
3168 3944 3373 4000 offerre
3403 3948 3535 3999 Deo.

448 4035 748 4108 Completo
781 4034 1063 4107 quoniam
1096 4037 1385 4105 pastorem
1420 4038 1681 4105 tempore
1710 4035 1978 4088 nostrum
2200 4031 2475 4095 Quamvis
2508 4033 2677 4087 corde
2703 4034 3245 4106 tremens,supplex
3276 4050 3428 4105 genu
3462 4047 3720 4088 cernuus
3744 4044 3851 4088 om

520 4125 605 4179 Ad
638 4124 764 4179 loca
796 4122 1061 4195 migrasti
1086 4122 1303 4189 lucida,
1340 4127 1564 4188 sancta,
1599 4122 1789 4188 bona;
2272 4122 2331 4176 Si
2362 4127 2595 4178 cessent
2626 4139 2815 4194 operm
2847 4140 3055 4194 nempe
3088 4124 3235 4179 ﬁdes
3264 4140 3449 4178 vacua
3477 4126 3585 4178 est.

449 4218 566 4269 Nos
596 4228 827 4283 quoque
856 4211 1070 4265 vallatu
1105 4210 1333 4265 alarum
1366 4215 1567 4265 sancte
1599 4215 1835 4264 tuarum
2202 4211 2355 4282 Lege
2377 4212 2487 4267 sub
2522 4211 2629 4267 hac
2663 4212 2880 4281 pariter
2904 4212 3163 4283 locuples
3196 4228 3534 4284 pauperque
3561 4214 3869 4277 tenentur;

524 4305 787 4371 Protege,
820 4316 1118 4367 conserva,
1152 4299 1352 4371 dilige,
1386 4315 1622 4370 semper
1647 4315 1801 4353 ama.
2275 4300 2377 4355 Cui
2413 4315 2625 4356 sensus
2658 4301 2811 4357 desit
2839 4309 3034 4356 mente
3067 4300 3333 4373 probavit
3361 4317 3533 4372 opus,

451 4387 805 4460 Suppliciter
834 4389 1113 4459 petimus,
1161 4389 1340 4443 dones
1393 4386 1735 4459 tribuasque
1785 4386 2095 4459 benignus,
2203 4388 2321 4447 Nec
2352 4406 2711 4461 quemquam
2743 4390 3563 4463 excusattenuisatquearota
3591 4386 3871 4444 facultas.

522 4476 597 4533 Ut
626 4482 859 4532 nosmet
888 4477 1076 4531 sancti
1108 4491 1175 4532 ac
1206 4475 1384 4531 simul
1418 4476 1513 4532 ille
1536 4478 1764 4547 juveut.
2274 4479 2500 4534 All‘ectu
2546 4484 2780 4535 constat
2808 4479 2995 4551 gloria
3026 4497 3142 4536 non
3174 4480 3396 4552 pretio;

773 4577 906 4630 Item
936 4572 1063 4629 illic
1091 4590 1257 4645 super
1286 4575 1462 4629 locum
1494 4576 1619 4629 lecti
1638 4576 1775 4645 ejus.
2205 4567 2314 4630 Qui
2335 4567 2542 4623 tribuit
2592 4584 2976 4639 quaecumque
2992 4569 3229 4640 potestd
3263 4570 3314 4624 is
3329 4567 3827 4641 plurimaconfert
3853 4584 3869 4635 ;

450 4664 657 4729 Qualia
686 4680 718 4719 o
749 4663 881 4720 istic
913 4663 1189 4719 bellantis
1219 4663 1333 4719 tela
1365 4665 1700 4736 frequenter
2132 4714 2171 4736 η
2284 4661 2459 4712 Parva
2490 4656 2625 4713 licet
2654 4658 2877 4713 dederit
2909 4658 3167 4713 maxima
3194 4674 3440 4729 quaeque
3471 4656 3651 4728 cupit.

522 4754 792 4811 Vidimus
823 4756 1126 4811 absentem
1158 4770 1291 4809 cum
1322 4755 1433 4809 fuit,
1457 4714 1589 4810 esse
1620 4754 1812 4809 virum
2130 4714 2172 4781 C
2212 4744 2366 4800 Inter
2397 4761 2572 4816 opum
2608 4744 2877 4801 cumulos
2900 4746 3120 4801 scimus
3140 4749 3197 4801 et
3218 4747 3370 4801 dona
3397 4748 3699 4816 potentum

452 4844 745 4900 Carbones
765 4848 923 4899 atros
954 4843 1179 4898 cineres
1214 4842 1507 4899 horrentia
1536 4859 1781 4914 quaeque
2284 4834 2589 4889 Prwlatam
2620 4834 2808 4889 vidua)
2840 4834 3114 4905 pauperis
3146 4851 3271 4891 esse
3300 4835 3474 4890 fidem

524 4932 786 4989 Pulveris
818 4938 875 4988 et
906 4931 1153 4988 nebulas
1183 4932 1453 5003 squalida
1482 4936 1695 4987 cuncta
1716 4931 1918 4987 nimis.
2211 4923 2567 4978 Mercanlem
2600 4923 2861 4979 nummis
2893 4923 3173 4979 caelorum
3207 4940 3387 4996 regna
3417 4922 3674 4979 duobus.

451 5022 714 5079 Cilitium
750 5023 952 5078 subter
973 5021 1149 5094 capiti
1180 5021 1328 5093 lapis
1361 5026 1419 5077 et
1450 5022 1595 5077 cinis
1626 5021 1779 5077 altus
2277 5010 2600 5067 ευδὶίωθω
2633 5012 2789 5067 velit
2811 5014 3016 5083 justus
3047 5013 3107 5068 in
3138 5018 3296 5069 astra
3327 5018 3516 5085 pater.

524 5112 723 5169 Exesis
755 5112 1036 5170 membris
1059 5111 1153 5167 hic
1182 5112 1453 5167 videbare
1487 5116 1648 5167 torus
1674 5130 1688 5182 ;
2208 5102 2332 5157 Non
2366 5118 2492 5173 quas
2524 5100 2713 5156 multa
2744 5102 2904 5158 dedit
2934 5103 3032 5158 sed
3070 5119 3201 5174 qum
3231 5103 3346 5159 sibi
3396 5101 3561 5158 nulla
3589 5100 3859 5173 reliquit,

450 5202 670 5257 Sellula
696 5217 951 5274 namque
982 5202 1092 5256 fuit
1122 5201 1350 5271 requies
1372 5202 1431 5256 in
1465 5206 1631 5257 nocte
1664 5201 1859 5257 silenti
2283 5189 2531 5246 Landari
2566 5190 3011 5262 meruitjudicis
3044 5208 3141 5248 ore
3169 5192 3292 5248 Dei.

526 5290 634 5346 Pro
666 5308 907 5347 scamno
933 5295 1033 5346 aut
1064 5290 1373 5346 cathedera
1405 5290 1525 5345 haec
1556 5307 1789 5362 quoque
1808 5288 1954 5345 sella
1984 5289 2096 5345 die.
2412 5281 2546 5334 Item
2566 5296 2753 5335 versus
2778 5298 2945 5352 super
2973 5281 3172 5336 ostium
3196 5298 3230 5336 a
3253 5290 3420 5353 parte
3445 5280 3676 5351 Ligeris.

453 5396 736 5469 Incipiunt
768 5399 1040 5455 basilica.
1075 5398 1297 5455 Titulus
1326 5397 1545 5468 primus
1570 5398 1629 5452 in
1670 5407 1822 5453 turre
1856 5412 1891 5451 a
1938 5399 2094 5467 parte

2282 5366 3878 5469 Disci‘pulistrmci‘piept‘eDomicpiamarinavigantibus

1670 5440 1820 5453 ”’”“’
1856 5440 1889 5451 ’⁷
1938 5440 2096 5467 ”””“’
2208 5441 2399 5495 ventis
2419 5440 2721 5525 flantibus,
2757 5441 3033 5525 fluctibus
3066 5441 3659 5507 excitatis,Dominus
3692 5454 3880 5520 super

458 5570 522 5625 In
677 5568 688 5580 ,
1149 5512 1195 5525 ν’
1220 5512 1403 5525 """"'
1568 5566 1580 5579 ,
1656 5566 1668 5578 ,
2213 5528 2373 5566 mare
2404 5512 2651 5594 pedibus
2665 5512 2996 5596 ambulatet
3022 5518 3227 5597 sancto
3260 5518 3428 5596 Petro
3445 5512 3729 5583 mergenti
3745 5526 3882 5592 ma-

530 5569 801 5637 κτθάιθιιε
824 5567 1109 5639 templum
1143 5567 1291 5624 Γθῖθτ
1322 5568 1391 5656 ad
1429 5566 1710 5623 ευδιιπιιθο
1740 5565 1992 5633 Villium:
2218 5600 2358 5639 num
2387 5589 2631 5656 porrigit
2673 5591 2728 5640 et
2748 5601 2945 5655 ipsum
2976 5584 3045 5640 de
3074 5584 3335 5656 periculo
3356 5584 3583 5656 liberat.
3615 5586 3882 5656 Sanctis-

530 5600 801 5637 swuwuv
828 5600 1109 5639 ισιυμιυιυ
1143 5600 1289 5624 mw
1322 5600 1390 5622 αυ
1429 5600 1710 5623 summu“
1747 5600 1992 5633 νυιιυιυν
2218 5600 2358 5639 num
2427 5600 2631 5655 orrigit
2673 5600 2945 5655 etipsum
2976 5600 3045 5640 oe
3074 5600 3583 5656 pericuionnerai.
3615 5600 3882 5637 bancus-

528 5657 802 5715 Excelsos
833 5656 1028 5713 aditus
1052 5656 1302 5728 suspicit
1321 5654 1439 5713 alta
1469 5656 1614 5712 ﬁdes
1645 5672 1658 5724 ;
2214 5600 2601 5712 simaghristi
2626 5656 2885 5713 Ecclesia
2915 5672 3039 5727 quis
3070 5662 3161 5713 est
3181 5663 3370 5713 mater
3386 5655 3657 5713 omnium
3674 5652 3887 5710 Eccle-

525 5832 551 5862 ι
584 5818 694 5876 Ms.
727 5818 1032 5890 Sangerm.
1065 5816 1182 5886 iam
1211 5814 1417 5891 dormit
1445 5816 1505 5873 in
1534 5816 1675 5890 ipso,
1707 5813 1944 5874 melius.
2286 5828 2311 5891 ξ
2340 5816 2490 5891 Lege
2517 5816 2789 5891 protegis,
2823 5832 2894 5875 ex
2927 5831 3039 5875 ms.
3068 5819 3371 5891 Sangerm.

524 5891 552 5936 ι)
578 5896 691 5951 Ms.
720 5884 1046 5966 Sangam”
1067 5884 1321 5948 ouantia.
1558 5884 1572 5890 ’
2287 5884 2315 5930 ἀ
2341 5884 2462 5959 A17,
2488 5884 2623 5963 opus
2650 5884 2752 5949 sit.
