4156 6320
285 366 393 422 673

288 490 511 569 siarpm
532 505 711 569 quam
734 490 1127 550 fundaverunt
1148 496 1420 569 apostoli,
1444 496 1504 553 in
1538 512 1655 569 qua
1688 497 1931 569 descen-
1960 497 2014 564 Α

288 563 379 639 dit
400 563 1139 639 Spiritussanctussuper
1168 563 1464 639 apostolos
1484 563 1755 638 in'specie
1778 567 1933 639 ignis

287 634 715 710 lingu_arum,in
736 652 804 690 ea
827 634 1054 706 positus
1085 645 1174 693 est
1196 634 1445 695 thronus
1470 634 1670 694 Jacobi
1695 634 1941 710 apostoli

291 711 350 761 et
379 705 656 761 columna
685 707 745 760 in
780 705 894 779 qua
925 711 1264 766 verberatus
1298 718 1385 766 est
1410 713 1698 766 Christus.

296 818 558 890 Quisque
588 818 711 874 solo
743 820 980 876 acclivis
1017 822 1276 878 mersisti
1335 824 1393 879 in
1428 824 1661 895 pulvere
1690 824 1941 895 vultum,

295 908 674 979 Humidaque
704 907 858 963 illisa
892 910 1012 980 (sic)
1047 913 1313 981 pressisti
1347 913 1573 968 lumina
1602 918 1789 981 terrm,

291 997 582 1053 Attollens
614 997 814 1053 oculos
845 1000 1073 1072 trepido
1108 1002 1395 1059 miracula
1424 1004 1553 1059 visu

294 1086 543 1159 Concipe
573 1092 628 1142 et
657 1088 871 1144 eximio
904 1105 1144 1145 causam
1178 1093 1478 1148 committe
1510 1096 1776 1165 patrono.

290 1174 462 1231 Nulla
495 1180 682 1247 potest
714 1181 910 1233 tantas
942 1180 1251 1250 complecti
1285 1183 1499 1253 pagina
1527 1182 1719 1251 vires;

291 1265 643 1335 Quanquam
666 1264 759 1321 his
788 1266 972 1322 titulis
997 1274 1279 1325 caamenta
1295 1275 1351 1325 et
1368 1288 1508 1326 saxa
1536 1276 1833 1339 notentur,

287 1354 610 1409 Terrenum
635 1370 750 1409 non
771 1356 993 1411 claudit
1016 1373 1167 1429 opus
1190 1360 1343 1429 quod
1371 1360 1529 1431 regia
1556 1359 1681 1415 δεθιί

288 1442 545 1515 Suscipit
565 1447 623 1498 et
650 1443 855 1499 retulis
889 1444 1217 1501 inscribunt
1248 1448 1441 1504 sidera
1472 1448 1741 1520 gemmis.

288 1532 523 1587 Martini
551 1532 598 1587 si
632 1533 845 1603 quaeris
878 1550 1071 1605 opem,
1106 1538 1269 1590 trans
1301 1540 1458 1591 astra
1492 1554 1799 1610 resurgens

292 1626 493 1693 Tange
524 1621 725 1693 polum
759 1628 1054 1679 scrutatus
1086 1624 1145 1679 in
1180 1625 1391 1681 aethere
1418 1634 1655 1683 coetum.

292 1709 421 1764 Illic
452 1712 835 1781 conjunctum
869 1712 1117 1768 Domino
1149 1716 1421 1785 perquire
1453 1721 1763 1786 patronum

288 1802 616 1854 Sectantem
653 1800 852 1855 aeterni
884 1818 1117 1873 semper
1146 1803 1389 1875 vestigia
1416 1804 1590 1876 regis.

289 1888 350 1943 Si
386 1888 641 1955 dubitas,
668 1889 896 1961 ingesta
926 1891 1112 1947 oculis
1146 1892 1430 1949 miracula
1462 1910 1653 1964 cerne,

287 1976 432 2041 Quis
467 1977 672 2033 famuli
708 1979 986 2035 meritum
1019 1998 1188 2037 verus
1219 1982 1476 2039 salvator
1506 1984 1753 2040 honorat

287 2066 533 2123 Accedis
566 2067 809 2139 reliquis
839 2068 993 2124 inter
1024 2075 1110 2125 tot
1139 2071 1325 2126 millia
1356 2073 1547 2139 testis,

286 2156 442 2211 Dum
475 2158 769 2213 narranda
800 2158 963 2214 vides
994 2159 1199 2215 sollers
1230 2166 1287 2217 et
1314 2162 1439 2217 visa
1472 2163 1705 2231 retexis,

287 2245 354 2301 In
384 2246 609 2302 sanctis
641 2248 920 2319 quicquid
954 2250 1206 2321 signavit
1232 2251 1443 2321 pagina
1472 2250 1673 2319 libris;

285 2337 666 2391 Instaurante
698 2340 810 2391 Deo
840 2338 1033 2393 cernis
1060 2354 1175 2409 quo
1209 2356 1449 2395 munere
1479 2342 1741 2411 gaudent

282 2424 505 2493 Caecus,
539 2424 802 2491 claudus,
837 2426 1027 2497 inops,
1062 2427 1343 2498 furiosus,
1377 2430 1607 2499 anxius,
1643 2448 1813 2502 inger,

279 2512 528 2581 Debilis,
562 2530 903 2586 oppressus,
938 2516 1226 2587 captivus,
1259 2523 1525 2585 mmstus,
1560 2536 1800 2591 egenus.

281 2602 493 2659 Omnis
524 2603 865 2676 apostolicis
895 2606 1110 2676 gaudet
1139 2608 1360 2663 curatio
1393 2609 1597 2677 signis.

284 2692 397 2754 Qui
430 2692 574 2748 ﬂens
606 2693 841 2750 affuerit
869 2694 1041 2750 laetus
1073 2696 1241 2763 redit,
1276 2698 1475 2752 omnia
1506 2698 1723 2753 cedunt

282 2780 524 2851 Nubila,
559 2784 711 2853 quod
744 2784 1017 2839 meritum
1050 2786 1248 2839 turbat
1281 2787 1569 2842 medicina
1600 2796 1829 2843 serenat

282 2870 507 2941 Expete
539 2872 884 2942 presidium,
918 2889 1032 2928 non
1067 2874 1286 2929 frustra
1315 2874 1436 2930 haec
1464 2875 1671 2931 limina
1701 2876 1930 2948 pulsas;

282 2963 351 3017 In
384 2966 663 3016 cunctum
698 2966 888 3034 pergit
921 2963 1106 3035 pietas
1142 2970 1261 3019 tam
1296 2966 1541 3037 prodiga
1575 2968 1885 3023 mundum.

563 3069 697 3124 Item.
726 3085 892 3140 super
923 3070 1103 3126 locum
1127 3071 1333 3126 absidis
1366 3072 1423 3127 in
1453 3073 1652 3128 altare.

360 3166 545 3230 Quam
605 3167 957 3222 metuendus
988 3172 1077 3223 est
1114 3167 1277 3223 locus
1312 3169 1422 3225 iste
1452 3186 1583 3225 vere
1642 3172 1930 3233 templum

286 3237 388 3292 Dei
419 3240 477 3292 et
507 3243 674 3309 porta
701 3238 850 3293 cceli.

564 3336 697 3391 Item
725 3335 873 3391 circa
904 3338 1179 3393 tumulum
1221 3339 1289 3393 ab
1322 3356 1429 3395 uno
1463 3340 1653 3398 latere.

358 3432 465 3488 Hic
495 3434 769 3514 conditus
800 3440 891 3514 est
924 3440 1140 3514 sanctaa
1173 3438 1469 3514 memoriae
1505 3439 1788 3514 Martinus
1821 3443 1938 3514 epi-

280 3521 500 3576 scopus
532 3506 702 3575 cujus
733 3507 931 3561 anima
977 3508 1035 3562 in
1088 3524 1266 3563 manu
1304 3511 1399 3564 Dei
1435 3515 1543 3579 est,
1579 3513 1677 3567 sed
1715 3513 1805 3567 hic
1845 3506 1935 3569 to-

288 3582 386 3633 tus
413 3583 503 3633 est
533 3594 789 3648 presens
822 3579 1175 3634 manifestus
1204 3581 1365 3635 omni
1398 3583 1587 3653 gratia
1627 3584 1934 3639 virtutum.

813 3686 946 3742 Item
986 3686 1047 3741 in
1079 3688 1191 3742 alio
1224 3687 1411 3743 latere.

350 3786 663 3840 Certamen
698 3783 918 3839 bonum
952 3785 1213 3853 certavit,
1266 3802 1507 3841 cursum
1562 3804 1936 3846 consumma-

282 3854 384 3921 vit,
420 3855 595 3929 fi‘dem
629 3857 904 3929 servavit,
951 3858 1022 3912 de
1066 3868 1272 3913 czetero
1320 3860 1576 3929 reposita
1606 3866 1696 3915 est
1726 3862 1807 3916 illi
1841 3881 1935 3917 co-

284 3927 690 4001 ronajustitise
724 3945 901 4001 quam
946 3931 1148 3984 reddet
1179 3929 1267 3984 illi
1303 3927 1587 3987 Dominus
1619 3933 1676 3987 in
1712 3934 1811 3988 illa
1842 3937 1935 3990 die

272 3999 479 4070 justus
502 4000 709 4071 judex.

893 4104 1031 4156 Item
1079 4100 1327 4172 desuper.

280 4196 597 4253 Confessor
626 4198 851 4254 meritis
883 4202 1106 4272 martyr
1136 4214 1308 4255 cruce
1338 4201 1639 4271 apostolus
1670 4207 1801 4258 actu

351 4286 645 4342 Martinus
676 4288 819 4343 ccelo
851 4288 1141 4361 preminet
1174 4289 1268 4344 hic
1301 4289 1550 4344 tumulo.

278 4374 368 4431 Sic
397 4392 626 4431 memor
655 4382 709 4431 et
741 4376 965 4433 misera:
999 4395 1258 4450 purgans
1291 4378 1630 4449 peccamina
1664 4377 1790 4433 vitae

357 4463 626 4521 Occultet
658 4467 887 4522 meritis
918 4466 1168 4523 crimina
1198 4472 1401 4523 nostra
1430 4466 1575 4522 suis.

351 4609 432 4679 (α)
466 4608 681 4666 Forsan
711 4610 1067 4682 supplicium.

1284 373 1615 429 CABMINA
1650 369 1978 427 SULPICIO
2015 371 2301 429 SEVERO
2338 374 2748 433 ATTBIBUTA

3596 393 3703 452 67L

2615 504 2754 557 Item
2792 503 2852 558 in
2888 505 3097 562 abside.

2051 610 2282 666 Martini
2316 629 2527 685 corpus
2556 616 2710 671 dotis
2743 620 3069 677 venerabile
3106 624 3277 680 terris

2122 700 2183 753 In
2215 718 2328 771 quo
2363 709 2492 773 post
2521 706 2646 760 vitae
2681 712 2945 779 tempora
2975 711 3115 766 vivit
3147 714 3348 770 honor.

2049 788 2290 843 Texerat
2321 790 2378 844 in
2415 792 2670 862 primum
2706 796 2929 865 plebeio
2962 801 3230 857 machina
3258 804 3416 860 cultu

2120 877 2254 940 Quae
2286 881 2599 936 confessori
2634 900 2747 938 non
2782 891 2905 940 erat
2944 905 3111 960 arqua
3142 908 3268 947 suo.

2048 964 2163 1020 Nec
2191 966 2514 1025 desistebat
2536 971 2689 1027 cives
2721 990 2962 1031 onerare
2996 981 3215 1048 pudore
3242 1000 3255 1049 ;

2119 1054 2314 1111 Gloria
2335 1074 2545 1129 magna
2576 1060 2703 1129 viri,
2735 1064 2920 1132 gloria
2947 1083 3126 1137 parva
3157 1069 3288 1125 loci.

2046 1144 2306 1200 Antistes
2338 1149 2438 1201 sed
2474 1149 2574 1218 qui
2610 1157 2957 1207 numeratur
2985 1164 3185 1211 sextus
3219 1160 3288 1214 ab
3322 1161 3450 1232 ipso

2123 1233 2380 1305 Longam
2414 1243 2734 1308 perpetuus
2766 1242 3009 1298 sustulit
3042 1245 3345 1317 invidiam,

2048 1322 2345 1378 lnternum
2381 1341 2680 1382 removens
2716 1330 2929 1385 modici
2964 1335 3259 1402 penetrale
3289 1338 3509 1408 sacelli,

2119 1412 2445 1485 Amplaque
2476 1420 2627 1472 tecta
2657 1418 2858 1475 levans
2887 1424 3169 1479 exteriore
3199 1426 3392 1499 domo,

2049 1499 2479 1575 Creveruntque
2514 1506 2689 1561 simul
2724 1509 2912 1564 valido
2946 1512 3239 1570 tribuente
3275 1525 3538 1587 patrono.

2122 1590 2184 1644 In
2217 1593 2422 1663 spatiis
2454 1596 2595 1649 aedis
2626 1599 2892 1653 conditor
2922 1601 3236 1659 immeritis

2051 1680 2185 1744 Qum
2218 1682 2619 1740 Salomoniaco
2654 1688 2805 1757 potis
2838 1694 2925 1743 est
2958 1692 3268 1763 confligere
3298 1696 3518 1768 tcmplo

2121 1771 2381 1842 Septima
2414 1790 2540 1844 qua:
2575 1777 2795 1831 mundo
2830 1778 3050 1834 fabrica
3084 1781 3229 1836 mira
3264 1784 3391 1839 fuit.

1976 1874 2019 1938 Β
2053 1859 2194 1913 Nam
2228 1863 2499 1932 gemmis,
2533 1882 2694 1931 auro,
2725 1874 2964 1937 argento
2997 1870 3044 1923 si
3078 1873 3354 1941 spenduit
3381 1874 3547 1946 illud,

2121 1948 2281 2004 Istud
2319 1952 2754 2023 transgreditur
2783 1961 2993 2010 cuncta
3026 1959 3262 2014 metalla
3294 1962 3425 2019 fide.

2050 2038 2215 2095 Livor
2235 2040 2327 2095 abi
2364 2042 2623 2110 mordax,
2660 2044 3154 2119 absolvanturque
3188 2051 3432 2121 priores.

2119 2132 2275 2187 Nihil
2312 2139 2599 2189 novetaut
2631 2138 2805 2191 addat
2836 2138 3071 2207 garrula
3108 2142 3417 2211 posteritas

2046 2220 2309 2292 Cumque
2329 2222 2485 2277 venit
2517 2224 2785 2280 Christus
2808 2226 3056 2298 populos
3086 2229 3184 2301 qui
3218 2233 3464 2289 suscitet
3491 2252 3696 2293 omnes

2119 2314 2405 2381 Perpetuo
2437 2312 2648 2367 durent
2679 2313 2937 2369 culmina
2977 2319 3260 2389 perpetui.

2301 2437 2435 2491 Item
2466 2436 2663 2508 incipit
2689 2438 2954 2509 depositio
2984 2445 3159 2497 sancti
3188 2444 3433 2501 Martini.

2116 2552 2193 2605 IlI
2227 2550 2305 2606 id.
2358 2554 2691 2609 novembris
2742 2557 3007 2626 pausavit
3036 2558 3094 2612 in
3123 2576 3264 2630 pace
3295 2562 3544 2633 Domini,
3580 2584 3690 2623 no-

2045 2642 2135 2695 cte
2167 2641 2379 2697 media.

2249 2769 2381 2823 Item
2404 2768 2603 2840 incipit
2628 2772 2685 2824 in
2718 2772 2989 2827 memoria
3023 2775 3207 2831 securi
3230 2777 3480 2849 Remigii.

2045 2883 2314 2954 Quinque
2346 2885 2646 2940 beatorum
2681 2890 2890 2943 retinet
2911 2891 3123 2947 domus
3156 2892 3269 2948 ista
3299 2911 3568 2966 coronas,

2046 2977 2303 3039 Quorum
2330 2974 2377 3028 si
2410 2974 2611 3029 titulos
2641 2976 2799 3047 legas
2830 2985 2887 3032 et
2920 2980 3155 3035 nomina
3188 3000 3392 3039 nosces

2046 3060 2107 3115 In
2142 3062 2303 3117 cmlis
2327 3080 2454 3133 quae
2476 3064 2693 3135 scripta
2718 3073 2959 3121 manent
2980 3085 3328 3142 semperque
3348 3075 3687 3132 manebunt.

2044 3150 2150 3206 Hic
2181 3155 2311 3206 ovat
2342 3169 2408 3207 ex
2439 3158 2603 3208 utero
2636 3159 2878 3211 sanctus
2913 3158 3171 3229 Baptista
3190 3160 3511 3219 Johannes.

1966 3238 2008 3305 C
2048 3239 2151 3295 Hic
2178 3241 2335 3295 Felix
2363 3241 2694 3313 Victorque,
2731 3245 2842 3314 piis
2887 3246 3197 3303 Gervasius
3229 3249 3443 3320 almus,

2042 3329 2464 3401 Protasiusque
2496 3348 2661 3385 sacer
2692 3339 2831 3387 sunt
2864 3333 2954 3388 hic
2986 3351 3087 3405 per
3117 3336 3332 3391 saecula
3354 3343 3552 3407 testes,

2046 3418 2153 3481 Qui
2187 3434 2384 3473 veram
2409 3419 2657 3476 docuere
2693 3422 2864 3476 fidem
2898 3439 3087 3493 cruce,
3121 3426 3430 3497 sanguine,
3479 3434 3687 3486 morte.

2044 3508 2241 3562 Juncti
2280 3508 2541 3580 quinque
2572 3509 2746 3564 simul
2771 3510 2937 3583 digiti
2963 3514 3033 3567 de
3065 3530 3305 3586 corpore
3336 3516 3550 3574 Christi

2048 3596 2326 3651 Efaaciunt
2357 3597 2574 3653 celsam
2609 3616 2819 3665 magno
2851 3603 3167 3659 certamine
3202 3604 3459 3676 palmam

2052 3685 2354 3756 Perpetuis
2386 3687 2698 3758 dignisque
2735 3690 2845 3744 Deo
2877 3706 3054 3760 quam
3087 3693 3328 3750 ﬂoribus
3358 3703 3589 3753 ornant.

2221 3812 2429 3867 Titulus
2462 3813 2593 3867 libri
2622 3814 2751 3871 vita
2796 3817 2976 3871 sancti
3003 3817 3237 3874 Martini
3264 3823 3521 3894 episcopi.

2049 3930 2107 3985 Si
2141 3929 2245 3984 tibi
2278 3934 2485 3984 sancta
2516 3930 2661 3986 ﬁdes
2694 3931 2741 3986 si
2774 3931 2999 3987 Christo
3031 3934 3228 3989 dedita
3262 3952 3428 3993 mens
3450 3944 3538 3993 est

2048 4019 2347 4074 Pontificis
2378 4020 2525 4075 sacri
2563 4020 2903 4076 meritorum
2940 4021 3091 4078 mole
3122 4026 3418 4095 perennis,

2048 4110 2152 4163 Hic
2186 4108 2450 4164 studiose
2482 4113 2645 4181 potes
2677 4110 2908 4165 Martini
2947 4112 3191 4179 discere,
3227 4113 3426 4171 lector.

2046 4203 2269 4264 Ortum,
2305 4198 2603 4265 militium,
2639 4200 2883 4269 natales,
2916 4206 3101 4271 gesta,
3135 4208 3428 4273 parentes,

2046 4287 2404 4350 Doctrinam,
2429 4304 2642 4354 mores,
2678 4289 2972 4358 preconia,
3006 4291 3553 4365 bella,triumphos,

2044 4375 2343 4448 Supplicia
2372 4376 2472 4447 (α),
2520 4384 2793 4448 patriam,
2827 4379 3194 4449 discrimina,
3230 4383 3407 4451 dicta,
3442 4383 3694 4456 labores,

2044 4464 2305 4534 Praemia,
2340 4465 2609 4534 virtutes,
2645 4483 2850 4536 aevum,
2887 4470 3179 4540 praeconia
3210 4488 3396 4529 sacra.
