4156 6320
296 320 409 376 685

1115 327 1215 378 AD
1251 326 1478 380 IDATII
1517 327 1842 384 EPISCOPI
1874 327 2290 386 CHRONICON
2327 333 2890 396 PROLEGOMENA.

3597 347 3704 404 686

291 461 480 515 raque
500 443 618 498 alia
637 442 817 500 lector
835 460 902 500 ex
925 445 1052 516 ipso
1086 445 1367 502 Chronico
1391 447 1602 504 melius
1635 447 1937 521 intelliget.
1971 461 2026 526 Α
2055 449 2164 506 hac
2187 469 2343 507 nova:
2367 456 2599 526 epocha:
2649 461 2972 530 adjectione
3016 467 3283 524 mutiret?
3309 473 3590 526 Praeterea
3617 472 3704 528 sio

293 533 535 588 Silentia
569 537 765 588 tamen
809 534 1102 604 praeterire
1135 552 1248 590 non
1283 553 1526 607 possum
1560 538 1733 593 verba
1759 537 1946 594 sancti

293 621 506 679 Leonis
529 621 747 694 Magni,
772 639 900 694 quae
937 623 1190 680 Idatium
1216 635 1480 682 nostrum
1515 627 1765 682 maxime
1788 645 1946 684 com-

299 715 601 767 mendant.
635 715 829 783 Agens
860 713 1014 767 enim
1053 713 1540 784 vigilantissimus
1575 716 1833 787 pontifex
1879 718 1950 772 de

295 799 558 874 generali
588 801 833 856 concilio
865 817 933 856 ex
977 803 1252 858 omnibus
1303 805 1596 876 Hispanias
1636 806 1948 877 provinciis

295 891 581 962 cogendo,
617 895 682 946 ut
711 891 1287 948 Priscillianistarum
1312 895 1490 950 furori
1525 900 1948 963 occurreretur,

299 979 426 1036 base
457 979 609 1036 inter
638 979 753 1034 alia
798 981 869 1034 ad
895 981 1203 1036 Turibium
1231 985 1666 1040 Asturicensem
1697 985 1900 1040 scribit
1935 1002 1946 1038 :

299 1071 364 1126 Si
391 1081 578 1124 autem
597 1069 830 1142 aliquid,
859 1070 1002 1140 quod
1029 1071 1194 1136 absit,
1215 1073 1495 1128 obstiterit
1516 1079 1811 1144 quominus
1827 1091 1947 1144 pos-

300 1163 370 1215 sit
401 1158 678 1215 celebrari
707 1161 962 1228 generale
991 1163 1310 1228 concilium,
1356 1163 1634 1220 Gallmciaa
1665 1165 1860 1220 saltem
1891 1168 1950 1220 in

301 1267 479 1306 unum
505 1250 832 1304 conveniant
851 1250 1156 1306 sacerdotes
1176 1267 1194 1312 ,°
1223 1253 1420 1322 quibus
1448 1256 1796 1322 congregatis
1823 1257 1948 1324 fra-

298 1346 414 1396 tres
445 1337 619 1394 nostri
645 1339 852 1394 Idalias
881 1343 933 1394 et
974 1339 1241 1411 Caponius
1278 1343 1665 1408 imminebunt,
1717 1343 1950 1413 conjun-

300 1439 390 1486 cta
418 1446 544 1484 cum
571 1428 650 1484 eis
675 1427 943 1483 instantia
965 1437 1082 1498 tua,
1119 1447 1254 1500 quos
1285 1430 1454 1486 citius
1495 1434 1578 1486 vel
1616 1433 1952 1503 provinciali

301 1528 572 1576 conventu
588 1517 894 1574 remedium
911 1523 1078 1574 tantis
1109 1520 1429 1576 vulneribus
1464 1521 1734 1592 aﬂeratur
1754 1523 1946 1592 (Epist.

304 1610 448 1666 mihi
475 1609 566 1674 93,
590 1607 732 1676 ﬁn).
763 1607 892 1662 Haec
923 1615 1164 1664 sanctus
1197 1610 1330 1680 Leo,
1351 1611 1450 1682 qui
1489 1611 1738 1666 Idatium
1772 1615 1830 1665 et
1852 1615 1950 1666 Ce-

305 1699 551 1771 ponium
577 1697 924 1752 nominatim
967 1697 1300 1769 appellasse
1349 1699 1583 1754 videtur
1625 1716 1694 1754 ex
1723 1699 1946 1754 Turibii

2061 539 2216 595 istud
2245 541 2572 601 Chronicon
2597 551 3062 609 continuandum
3087 558 3342 628 suscepit
3366 559 3605 630 ldatius,
3641 565 3707 617 ut

2056 629 2116 683 in
2145 647 2328 687 unum
2351 633 2822 709 volumen,quasi
2843 641 3080 698 unicum
3105 651 3260 701 esset
3281 663 3430 718 Opus
3454 657 3510 703 et
3529 649 3706 705 unius

2057 718 2240 774 solius
2269 724 2568 796 scriptoris
2599 727 2763 783 labor
2787 733 2905 785 tres
2926 731 3055 802 ejus
3089 739 3286 804 partes
3325 738 3702 809 compegerit,

2057 815 2112 862 et
2135 809 2214 864 ita
2241 821 2604 883 compactum
2641 819 3101 892 promulgaverit
3123 825 3212 878 Ita
3234 825 3503 881 Labbeus
3525 832 3704 884 testa-

2059 899 2176 965 tur,
2203 899 2301 969 qui
2325 901 2378 954 in
2402 901 2500 958 illo
2527 905 2634 959 Ms.
2653 906 2874 976 collegii
2905 925 3022 965 soc.
3045 913 3178 966 Jesu
3204 913 3552 972 Parisiensis
3591 917 3705 972 Eu-

2057 987 2202 1040 sebii
2227 989 2552 1046 Cbronicon
2577 1011 2710 1049 cum
2741 999 3019 1054 auctariis
3067 1003 3400 1076 Hieronymi
3445 1010 3500 1060 et
3532 1005 3704 1062 Idatii

2058 1091 2173 1130 uno
2197 1080 2561 1135 continenter
2583 1083 2881 1142 volumine
2913 1091 3148 1159 reperiri
3178 1091 3452 1148 affirmat.
3489 1094 3704 1152 Verum

2059 1167 2366 1234 potissima
2381 1177 2467 1224 est
2491 1173 2656 1227 Idatii
2673 1174 2858 1244 ipsius
2873 1181 3340 1252 aucto1-itas,tum
3361 1183 3419 1238 in
3443 1183 3705 1258 prologo,

2059 1253 2152 1306 ubi
2186 1255 2304 1310 haec
2347 1260 2552 1314 scribit
2583 1277 2596 1316 :
2625 1263 2760 1330 Quia
2791 1266 2862 1320 ad
2889 1269 3064 1322 nostri
3083 1273 3341 1332 temporis
3370 1289 3613 1346 cursum,
3645 1284 3708 1331 ut

2055 1343 2309 1412 superior
2339 1347 2494 1404 lectio
2517 1351 2989 1424 docet,descripn'o
3010 1359 3241 1428 deﬂuxit
3263 1378 3704 1428 annorum;nam

2057 1433 2621 1508 verbaistasuperior
2643 1442 2796 1497 lectio
2819 1443 3142 1501 Chronicon
3171 1449 3403 1505 Eusebii
3437 1457 3494 1507 et
3515 1453 3706 1509 Hiero-

2057 1521 2214 1591 nymi
2249 1523 2602 1596 signiﬁcavit
2632 1531 2852 1586 Idatius
2887 1537 3264 1607 praepositum
3289 1539 3346 1593 in
3381 1541 3582 1596 eodem
3607 1559 3704 1598 vo-

2053 1608 2317 1668 lumine:
2355 1619 2480 1670 tum
2513 1617 2688 1674 etiam
2724 1621 2782 1674 in
2817 1622 3100 1680 Chronico
3127 1627 3195 1680 ad
3230 1646 3451 1686 annum
3489 1632 3552 1686 13
3587 1635 3704 1687 Ho-

2059 1699 2228 1769 norii,
2289 1703 2388 1757 ubi
2447 1703 2568 1761 haec
2599 1707 2877 1778 leguntur
2911 1729 2922 1766 :
2955 1715 3084 1769 Post
3136 1720 3541 1790 suprascriptos
3571 1737 3704 1777 sane

305 1786 988 1850 commendatione-,nam
1019 1791 1076 1842 et
1108 1787 1388 1842 Turibius
1449 1789 1572 1858 ipse
1603 1789 1672 1843 ad
1707 1789 1940 1844 eosdem
1979 1822 2024 1886 Β
2055 1787 2308 1860 Arianos,
2341 1795 2440 1862 qui
2460 1795 2850 1868 Hierosolymis
2877 1807 3002 1857 ante
3018 1808 3292 1860 Joannem
3314 1809 3560 1880 episcOpi
3578 1812 3700 1880 fue-

304 1880 372 1932 de
404 1881 564 1932 secta
589 1875 1161 1930 Priscillianistarum
1185 1875 1412 1934 litteras
1431 1877 1609 1948 dedit,
1627 1895 1772 1950 quas
1792 1879 1947 1950 apud

302 1965 582 2022 Moralem
615 1965 870 2036 reperies
900 1965 981 2030 (L.
1014 1981 1092 2032 χι,
1118 1981 1166 2019 c.
1198 1967 1311 2034 26).

757 2055 856 2109 17
895 2056 922 2122 §
957 2053 1047 2110 IV.
1092 2057 1260 2111 Idatii
1297 2056 1523 2127 scripta.

379 2147 464 2202 10.
499 2145 622 2200 Duo
651 2143 836 2200 Idatio
867 2145 1086 2214 scripta
1107 2145 1810 2210 tribunatur,Chronicon
1839 2145 1952 2202 sci-

300 2236 438 2292 licet
466 2241 523 2292 et
543 2233 698 2291 Fasti
729 2233 1090 2290 consulares.
1115 2235 1182 2288 Et
1213 2235 1535 2290 Chronicon
1561 2235 1798 2306 quidem
1825 2253 1950 2290 om-

303 2325 466 2382 nium
525 2330 855 2395 temporum
905 2340 969 2378 ac
1017 2324 1380 2379 eruditorum
1435 2342 1758 2390 consensu;
1791 2329 1849 2379 at
1880 2325 1950 2380 de

308 2415 492 2470 Fastis
524 2413 750 2484 antiqui
782 2411 1095 2482 scriptores
1119 2413 1358 2468 omnino
1390 2419 1612 2482 tacent;
1669 2413 1952 2483 posterio-

303 2521 397 2560 res
430 2521 561 2558 vero
594 2501 694 2556 alii
727 2503 1016 2560 dubitant.
1048 2501 1144 2556 alii
1178 2501 1352 2558 etiam
1388 2504 1800 2558 incunctanter
1848 2519 1952 2558 ne-

303 2593 580 2666 gant.$ed
611 2592 928 2662 genuinum
967 2591 1126 2646 Idatii
1159 2608 1306 2663 opus
1337 2608 1462 2647 esse
1491 2593 1597 2646 hos
1629 2596 1831 2648 Festos
1865 2592 1951 2646 in-

303 2683 494 2746 victis,
547 2681 606 2737 ni
655 2680 847 2747 fallor,
900 2681 1285 2752 argumentis,
1318 2697 1447 2736 mox
1497 2683 1525 2748 §
1571 2681 1634 2736 il
1668 2682 1952 2736 evincam.

301 2770 597 2826 Ubonicon
629 2771 876 2825 Parvum
909 2769 1108 2838 paucis
1139 2769 1351 2824 abhinc
1384 2770 1554 2825 annis
1589 2769 1820 2841 publica
1852 2771 1953 2825 do-

301 2865 509 2916 natum
542 2857 691 2925 luce,
727 2863 892 2914 cento
942 2862 1033 2913 est
1081 2859 1154 2912 ab
1194 2858 1466 2929 imperita
1497 2875 1674 2913 manu
1705 2875 1774 2913 ex
1803 2858 1952 2913 inte-

306 2965 414 3020 gro
469 2947 752 3002 Chronico
811 2951 1077 3002 exsectus
1135 2951 1192 3002 et
1249 2947 1400 3002 male
1447 2953 1750 3003 consutns.
1783 2948 1956 3002 Liber

305 3043 510 3095 contra
525 3037 946 3094 Priscillianum
961 3054 1154 3108 ,quem
1170 3055 1203 3092 a
1233 3041 1431 3093 nostro
1449 3039 1508 3093 Id
1519 3039 1634 3093 atio
1667 3039 1950 3108 scriptum

309 3131 492 3185 rel'ort
517 3127 899 3195 Trithemius,
931 3127 1174 3182 alterius
1206 3127 1373 3182 Idatii
1406 3145 1508 3183 seu
1555 3128 1750 3200 potius
1795 3127 1952 3182 ltarii

2061 1877 2195 1944 rint,
2220 1885 2328 1936 etc.
2369 1882 2623 1954 Inquire,
2667 1886 2870 1960 lector,
2908 1891 2978 1945 ab
3022 1892 3186 1948 initio
3232 1877 3706 1966 auctariildatii,

2063 1967 2302 2024 ubinam
2331 1969 2425 2026 ille
2447 1973 2517 2028 de
2542 1973 2628 2029 his
2652 1975 2940 2049 episcOpis
2963 1981 3193 2038 Arianis
3223 1985 3574 2042 mentionem
3607 1989 3708 2042 I9

2061 2058 2504 2115 l'ecerit.Nullibi
2521 2061 2802 2130 invenies;
2822 2067 3076 2125 invenies
3091 2075 3284 2126 autem
3303 2073 3359 2128 in
3376 2075 3712 2145 adjectioni-

2058 2145 2172 2202 bus
2194 2147 2552 2222 Hieronymi,
2578 2155 2776 2210 annol
2815 2156 3174 2230 Olympiadis
3206 2161 3332 2218 283.
3367 2163 3508 2227 Quis
3531 2165 3712 2236 igitur

2063 2253 2176 2290 non
2208 2237 2360 2292 videt
2390 2239 2642 2297 Idatium
2677 2261 2789 2298 non
2825 2245 2904 2300 ita
2929 2245 3085 2318 loqui
3113 2251 3398 2320 potuisse,
3431 2253 3544 2308 nisi
3569 2271 3707 2310 cum

2060 2323 2513 2397 Hieronymiano
2537 2329 2818 2387 Chronico
2841 2333 3054 2390 librum
3082 2355 3254 2392 suum
3303 2341 3472 2410 quasi
3491 2359 3711 2414 appen-

2061 2412 2250 2467 dicem
2269 2417 2588 2484 quamdam
2613 2419 2669 2473 in
2704 2421 2939 2477 unicum
2959 2423 3230 2481 volume-
3255 2412 3658 2499 coniunxisset
3677 2433 3707 2488 ?

2060 2501 2118 2554 Si
2149 2507 2343 2557 autem
2372 2507 2696 2576 conjunxit,
2747 2511 3100 2568 credibilene
3147 2521 3237 2572 est
3273 2533 3428 2572 nova:
3470 2521 3703 2592 epocha:

2061 2589 2412 2660 charactere,
2445 2599 2501 2649 et
2534 2595 2768 2666 quidem
2802 2599 3014 2657 lectore
3047 2621 3158 2659 non
3193 2589 3560 2678 praemonito,
3594 2609 3706 2665 hoc

2062 2695 2236 2734 suum
2269 2683 2562 2738 antarium
2595 2701 2626 2738 a
2661 2687 2884 2759 reliquo
2935 2707 3176 2763 corpore
3219 2695 3710 2754 discriminasse?

2137 2769 2220 2823 12.
2252 2771 2362 2825 Sed
2396 2771 2714 2844 Hispanam
2747 2795 2944 2846 aaram,
3003 2781 3256 2852 inquies,
3309 2785 3488 2841 semel
3532 2793 3708 2859 atque

2062 2857 2274 2912 iterum
2300 2877 2414 2914 non
2445 2861 2501 2916 in
2527 2879 2624 2918 ora
2653 2869 2882 2921 tantum
2909 2867 3172 2938 libri,sed
3199 2872 3354 2928 intra
3375 2873 3505 2946 ipsa
3531 2876 3708 2932 Idatii

2061 2950 2234 3001 verba
2263 2949 2610 3020 reperimus.
2647 2955 2827 3010 Probe
2855 2959 2908 3010 id
2935 2959 3083 3026 scio;
3113 2977 3313 3016 verum
3343 2980 3447 3018 nec
3470 2963 3552 3018 sic
3576 2965 3708 3036 qui-

2062 3036 2192 3090 dem
2227 3037 2373 3092 mihi
2414 3047 2568 3094 certo
2603 3045 2988 3113 persuadeam
3012 3049 3304 3120 duplicem
3339 3051 3498 3107 illam
3531 3071 3708 3109 teram

2060 3125 2345 3182 Chronico
2367 3127 2916 3201 insertam,alteram
2941 3153 3090 3191 anno
3119 3139 3181 3191 15
3203 3139 3709 3212 IIonorii,alteram

300 3223 412 3284 est,
449 3218 571 3290 qui,
632 3221 780 3273 teste
839 3194 1024 3272 diviso
1073 3217 1296 3272 Isidoro
1347 3217 1443 3286 (De
1479 3194 1585 3272 Vir.
1620 3215 1711 3272 ill.
1760 3233 1804 3271 c.
1839 3216 1947 3288 15),
1979 3194 2024 3258 C
2063 3233 2214 3270 anno
2237 3194 2733 3286 Leonis6,esseab
2761 3223 2924 3277 Idatii
2953 3241 3152 3280 manu.
3178 3194 3705 3302 Utraque’primum

298 3307 574 3380 pluribus
604 3307 776 3362 annis
804 3307 1101 3378 antiquior
1131 3305 1242 3360 fuit
1271 3307 1379 3361 hoc
1403 3311 1598 3362 nostro
1622 3306 1802 3361 Idalio
1836 3306 1951 3378 epi-

302 3413 482 3468 scopo
513 3397 944 3468 Aquiﬂaviensi.

372 3485 506 3540 Post
527 3485 648 3540 haec
670 3485 892 3555 scripta
913 3482 1069 3539 venit
1094 3482 1152 3536 in
1183 3499 1396 3537 manus
1423 3499 1584 3538 meas
1608 3481 1822 3537 eruditi
1843 3479 1953 3536 viri

297 3575 594 3630 Francisci
613 3573 858 3630 Girvesii
883 3574 953 3628 de
969 3571 1214 3628 historia
1235 3571 1818 3626 Priscillianistarum
1833 3570 1953 3623 dis-

289 3664 559 3730 sertatio,
597 3663 694 3718 ubi
728 3664 903 3724 (Part.
939 3679 982 3728 ι,
1016 3678 1073 3715 n.
1110 3661 1200 3730 33)
1233 3659 1571 3714 existimare
1603 3677 1665 3714 se
1697 3657 1954 3714 ostendit

287 3753 554 3808 Idatium
589 3755 859 3808 nostrum
889 3750 1184 3806 diversum
1212 3766 1324 3804 non
1349 3765 1480 3804 esse
1510 3750 1581 3803 ab
1606 3765 1670 3803 eo
1702 3749 1872 3817 cujus
1895 3747 1954 3802 in

297 3841 579 3898 Biblioth.
608 3843 708 3897 PP.
733 3842 898 3912 (Tom.
931 3840 1002 3910 V)
1023 3855 1171 3910 opus
1195 3843 1382 3893 exstat
1397 3840 1678 3893 adversus
1702 3836 1957 3892 Varima-

300 3931 448 3987 dum
468 3931 910 3986 Ansanum.Sed
935 3946 1068 3984 cum
1095 3929 1315 3984 ldatius
1330 3933 1524 3982 noster
1540 3928 1606 3982 ad
1629 3931 1956 3982 extremum

303 4037 498 4092 usque
520 4019 752 4074 senium
778 4034 1119 4090 annumque
1141 4017 1240 4072 471
1265 4018 1532 4073 ευι472ο.
1553 4016 1820 4071 Galiaacia
1843 4032 1956 4070 non

307 4112 634 4178 recesserit,
668 4109 752 4164 uti
779 4113 1010 4165 constat
1032 4124 1100 4163 ex
1143 4107 1454 4172 Chronico,
1487 4109 1810 4178 obieritque
1846 4124 1959 4161 uno

305 4205 412 4254 aut
430 4200 611 4255 altero
644 4215 798 4255 anno
843 4205 994 4270 post,
1028 4197 1324 4266 colligitur
1355 4197 1490 4251 inde
1525 4197 1777 4252 Idatium
1813 4213 1958 4250 ncu-

302 4289 536 4358 tiquam
569 4289 824 4344 scribere
873 4305 940 4342 ea
989 4287 1250 4358 potuisse
1305 4301 1432 4356 quae
1481 4285 1649 4339 initio
1680 4285 1873 4356 operis
1897 4283 1961 4338 il—

301 4379 428 4434 lius
457 4383 662 4434 contra
692 4377 1073 4432 Varimadum
1106 4374 1384 4447 leguntur
1417 4391 1428 4428 :
1463 4373 1678 4428 Dudum
1727 4375 1788 4428 in
1816 4373 1959 4428 Nea-

307 4469 429 4541 poli
456 4468 615 4524 urba
637 4467 948 4538 Campania:
974 4466 1318 4532 constitutus,
1351 4467 1462 4520 etc.

2061 3303 2191 3357 libri
2221 3321 2346 3360 terte
2370 3307 2440 3360 ab
2466 3307 3147 3378 unolibrarioascribi,et
3163 3317 3370 3372 exinde
3394 3321 3706 3375 transcribi

2057 3395 2128 3448 ab
2150 3393 2263 3449 alio
2289 3395 2476 3465 potuit
2499 3397 2556 3452 in
2581 3401 2772 3470 operis
2793 3403 3036 3457 ldatiani
3063 3409 3612 3466 contextum.Porro
3631 3411 3692 3466 in

2057 3484 2239 3538 Fastis
2262 3491 2426 3554 Mss,
2445 3489 2554 3542 sub
2579 3497 2774 3544 coss.A
2791 3495 3704 3571 ugusto11etPaulo(legeTullo.)

2057 3571 2607 3638 haac,eruditissimo
2633 3578 2860 3634 Labbeo
2881 3584 3387 3649 teste,habentur:
3415 3587 3517 3643 His
3547 3604 3706 3655 coss.,

2059 3678 2173 3716 aera
2195 3662 2612 3732 primuﬂuwus
2643 3669 2796 3726 lunae
2816 3671 3095 3727 inventus.
3131 3677 3477 3747 Anonymus
3510 3683 3706 3734 autem

2060 3750 2488 3822 Cuspinianeus
2516 3759 2823 3812 consulatu
2870 3759 2928 3814 L.
2979 3763 3212 3816 Antonii
3266 3769 3322 3818 et
3351 3767 3614 3834 Isaurici,
3647 3767 3707 3822 in

2061 3856 2236 3911 quem
2271 3842 2414 3896 forte
2449 3845 2674 3914 primus
2706 3863 2829 3901 aera:
2855 3848 3124 3920 Hispana:
3149 3855 3585 3918 annusincidit,
3607 3874 3709 3926 pro

2061 3943 2181 3986 trra
2207 3930 2393 4000 prima
2437 3933 2574 4004 legit
2633 3937 2765 3992 luna
2821 3941 3022 4008 prima.
3061 3942 3186 3996 [leae
3217 3947 3413 3998 autem
3463 3945 3708 4002 varietas

2063 4027 2408 4090 argumento
2440 4027 2528 4078 est
2561 4032 2848 4097 quantum
2895 4030 3004 4084 sibi
3061 4031 3434 4101 permiserint
3463 4033 3712 4100 librarii,

2063 4111 2460 4183 dumantiqua
2475 4124 2856 4171 monumenta
2871 4119 3548 4191 exscribebant,quando
3565 4123 3713 4180 alter

2063 4217 2177 4253 aera
2203 4201 2385 4269 prima
2413 4203 2671 4272 scripsit,
2706 4205 2852 4259 alter
2877 4205 3012 4260 luna
3059 4210 3262 4278 prima.
3309 4211 3499 4282 Atque
3555 4213 3713 4282 prior

2067 4289 2162 4342 ille
2189 4289 2439 4342 Idatium
2474 4291 2831 4362 describens,
2867 4313 3039 4349 seram
3077 4297 3320 4366 primam
3382 4317 3535 4354 anno
3579 4305 3715 4358 ante

2065 4376 2358 4432 Christum
2382 4378 2851 4451 33tribuit,qu0d
2879 4401 2993 4437 non
3019 4383 3218 4440 fecerit
3243 4387 3488 4444 Idatius.
3516 4393 3716 4460 Itaque

2068 4483 2182 4536 quo
2205 4467 2394 4520 evenit
2417 4467 2474 4520 in
2497 4469 2704 4537 Fastis,
2733 4477 2796 4525 ut
2831 4489 2987 4527 naevo
3012 4473 3110 4529 illo
3133 4479 3451 4547 mraprima
3474 4497 3506 4533 a
3541 4479 3716 4535 libra—

309 4575 414 4630 18
447 4577 474 4644 §
505 4573 570 4632 ν,
603 4575 674 4628 De
701 4573 918 4646 epod,“
958 4573 1222 4646 Chronico
1260 4569 1567 4642 inscriptis,
1622 4574 1676 4624 et
1725 4572 1967 4640 primum
1999 4559 2043 4621 Ι)
2077 4553 2157 4646 riu
2191 4555 2664 4646 deturparentur,
2717 4558 2799 4614 sic
2857 4560 3032 4616 etiam
3066 4565 3384 4636 contigisse
3435 4568 3720 4624 Chronico

865 4646 930 4700 de
958 4659 1076 4701 aera
1105 4645 1370 4714 Hispana.

386 4735 472 4790 11.
507 4734 582 4790 Ut
608 4752 640 4789 a
670 4733 953 4789 Chronico
985 4732 1362 4801 incipiamus,
1413 4729 1728 4784 utilitatem
1775 4730 1904 4798 ejus
1936 4747 1968 4784 a

311 4823 548 4896 magnis
571 4823 712 4878 viris
744 4823 1056 4879 Sirmondo
1079 4827 1134 4877 et
1155 4821 1340 4875 Florio
1363 4819 1664 4875 commend
1676 4823 1830 4874 atam
1851 4835 1966 4874 non

309 4918 522 4968 estcur
541 4929 646 4984 ego
658 4908 1550 4983 exaggerem.Dechronologicis
1572 4911 1766 4963 autem
1791 4907 1966 4972 notis,

312 5001 534 5074 quibus
557 5001 666 5056 hoc
679 5017 828 5073 opus
843 5016 1017 5056 suum
1037 4999 1338 5071 insignivit
1351 4997 1782 5064 Idatius,libere
1795 5003 1970 5067 atque

311 5091 572 5164 ingenue
593 5091 782 5146 dicam
806 5105 1100 5160 nusquam
1127 5087 1409 5159 epocham
1433 5105 1556 5142 aera:
1579 5085 1868 5157 Hispaniae
1897 5087 1968 5142 ab

318 5195 389 5234 eo
411 5179 470 5234 in
484 5177 763 5234 Chrocico
789 5181 1131 5246 usurpatam
1165 5175 1365 5230 fuisse.
1391 5175 1538 5237 Quid
1562 5173 1746 5228 enim?
1777 5173 1970 5228 Conti-

315 5269 628 5323 nuandum
661 5266 906 5337 suscipit
937 5265 1262 5320 Chronicon
1297 5263 1517 5318 ldatius
1551 5263 1624 5317 ab
1646 5263 1893 5354 Eusebio
1911 5269 1968 5354 et

313 5356 692 5428 Hieronymo.
721 5355 822 5426 qui
847 5353 989 5410 illud
1015 5353 1424 5424 Olympiadum
1459 5357 1633 5422 atque
1653 5353 1972 5408 Abraham1

315 5445 776 5518 principumque
799 5445 970 5498 annis
994 5443 1501 5510 consifznaverant.
1529 5443 1751 5511 Ergone
1765 5459 1968 5498 novam

319 5539 446 5606 ipse
465 5537 796 5605 exterisque
811 5533 966 5605 genti
979 5535 1088 5588 bus
1103 5533 1361 5603 ignotam
1375 5531 1682 5600 adiecisset
1697 5531 1974 5603 epocham

319 5625 464 5696 quin
489 5625 562 5679 de
582 5639 650 5677 ea
672 5623 996 5694 quidquam
1022 5624 1298 5692 praelatus
1323 5621 1566 5674 lectores
1591 5636 1730 5674 suos
1766 5622 1974 5678 admo-

322 5717 528 5770 neret?
565 5711 886 5768 Nullumne
905 5712 1146 5766 verbum
1171 5713 1289 5766 toto
1311 5725 1564 5780 usquam
1589 5707 1873 5766 Chronico
1905 5713 1976 5768 de

2073 4643 2340 4699 existimo
2369 4647 2599 4701 duobus
2632 4649 2690 4702 in
2722 4649 2865 4705 locis
2897 4653 2992 4722 qui
3025 4655 3190 4710 nobis
3209 4658 3589 4727 objiciuntur.
3613 4667 3724 4716 De-

2079 4733 2252 4802 nique
2273 4735 2609 4790 distributio
2631 4755 2901 4807 terarum,
2922 4759 3096 4812 quam
3125 4744 3180 4798 in
3209 4745 3514 4816 Chronico,
3541 4748 3639 4802 sed
3665 4749 3724 4802 in

2079 4823 2266 4876 Fastis
2301 4824 2586 4896 praecipue
2617 4828 3162 4900 animadvertimus,
3206 4835 3345 4903 quia
3378 4835 3556 4891 nimis
3589 4852 3722 4892 exa-

2078 4915 2189 4975 cta,
2225 4911 2370 4965 mihi
2403 4921 2676 4984 suspecta
2707 4917 2873 4972 valde
2905 4925 3014 4986 est,
3043 4925 3104 4973 ut
3135 4922 3284 4976 intra
3318 4923 3530 4978 dicam.

2150 5003 2358 5057 2013.
2387 5004 2502 5074 Ego
2525 5007 2794 5075 equidem
2819 5025 2930 5062 non
2957 5009 3127 5064 modo
3147 5029 3260 5066 non
3282 5013 3481 5079 invite,
3515 5029 3715 5072 verum

2077 5089 2466 5147 libentissmie
2489 5110 2698 5150 manus
2723 5097 2920 5152 darem
2946 5097 3034 5152 bis
3063 5099 3163 5170 qui
3189 5101 3437 5157 ldatium
3457 5103 3726 5174 Hispanas

2081 5197 2202 5234 eme
2226 5179 3007 5241 characterismoChronicon
3033 5189 3374 5246 distinxisse
3399 5209 3572 5248 suum
3601 5193 3726 5266 opi-

2081 5272 2643 5341 nantur,praesertim
2661 5275 2798 5345 quia
2822 5275 2964 5330 satis
2987 5281 3144 5331 certo
3171 5283 3409 5334 constat
3435 5280 3585 5337 hanc
3599 5299 3733 5355 epo-

2081 5357 2252 5413 cham
2275 5359 2332 5414 in
2357 5359 2550 5430 aliquo
2567 5379 2674 5417 usu
2700 5363 3129 5434 publicofuisse
3153 5367 3306 5424 circa
3331 5387 3550 5426 annum
3591 5373 3730 5428 Leo-

2083 5447 2174 5502 nis
2190 5447 2440 5511 6,comm
2453 5449 2582 5504 unis
2596 5467 2720 5506 cene
2743 5453 2864 5520 462,
2877 5453 3320 5524 ubijChronicon
3339 5475 3512 5515 aerem
3525 5461 3632 5515 500
3648 5477 3738 5518 ex-

2083 5536 2266 5592 hibet.
2306 5536 2528 5608 Quippe
2553 5541 2705 5610 apuel
2737 5541 3264 5614 diligentissimum
3294 5555 3349 5604 et
3379 5549 3578 5606 eximii
3606 5567 3740 5606 can-

2083 5625 2240 5680 doris
2263 5626 2452 5680 virum
2475 5629 2849 5686 Ambrosium
2885 5633 3163 5690 Moralem
3182 5635 3267 5708 (L.
3301 5656 3380 5707 x1,
3403 5657 3452 5695 ο.
3476 5641 3565 5712 31)
3589 5641 3741 5696 hanc

2083 5713 2530 5787 inscriptionem
2557 5717 2702 5772 nulli
2731 5737 2844 5777 non
2865 5721 3177 5793 probatam
3202 5726 3458 5800 legimus
3493 5747 3504 5784 :
