4156 6320
466 320 572 388 687

714 462 1087 512 ALEXANDRlA
1116 469 1450 510 cmmssrm
1480 466 1685 505 FEMINA
1713 464 1866 505 VIXIT

603 562 791 602 annos
858 562 1001 600 rcus
1068 559 1253 599 MINUS
1327 539 1511 607 XXV,
1584 554 1852 594 nscassrr
1913 552 1973 591 IN

748 654 885 693 PACE
919 652 1131 690 nscmo
1173 637 1311 688 KAL.
1336 632 1468 687 JAN.
1497 648 1607 686 EBA
1626 629 1790 696 DIII;

643 744 865 783 PROBUS
914 741 1100 781 FILIUS
1150 740 1299 777 VIXlT
1328 737 1513 777 ANNOS
1544 736 1692 775 DUOS
1722 734 1862 773 ΜΕΝ.
1896 733 1934 772 Ι.

534 818 955 875 Verumtamen
982 816 1329 886 argumenta
1352 827 1532 882 supra
1555 807 1813 880 exposita
1843 810 1899 861 et
1928 804 2117 861 sancti

465 907 672 965 Isidori
701 923 764 961 ac
794 904 1040 960 Joannis
1070 902 1424 957 Biclarensis
1453 897 1809 969 exemplum,
1834 895 1935 967 qui
1967 895 2115 949 hanc

468 1015 592 1053 terte
639 996 909 1067 Hispanae
949 992 1232 1065 epocham
1266 991 1323 1045 in
1377 987 1682 1044 Chronicis
1717 987 1841 1041 suis
1881 1001 1982 1056 per
2009 1000 2115 1038 an-

465 1104 573 1143 nos
606 1085 937 1158 principum
990 1081 1236 1153 digestis
1274 1095 1575 1150 nunquam
1619 1074 1756 1147 (nisi
1794 1072 1973 1129 semel
2003 1073 2115 1126 for-

466 1182 623 1233 tasse
653 1174 714 1229 in
743 1175 858 1229 ﬁne
889 1172 1171 1237 Isidorus)
1203 1172 1510 1240 usurpant,
1553 1163 1865 1221 dissentire
1914 1163 1986 1217 ab
2030 1160 2114 1216 eis

466 1282 557 1321 me
588 1265 728 1320 viris
760 1266 995 1334 cogunt.
1032 1259 1282 1315 Maxime
1316 1259 1383 1314 de
1416 1256 1532 1312 aris
1571 1270 1674 1327 per
1716 1252 1981 1324 singulos
2012 1268 2113 1305 an-

465 1372 567 1411 nss
599 1371 723 1408 aera:
777 1350 1047 1407 Chronici
1093 1348 1366 1419 adjectis;
1425 1362 1560 1401 nam
1612 1345 1681 1399 de
1714 1343 1943 1397 duabus
1984 1339 2114 1395 aliis

468 1460 647 1513 supra
678 1439 1019 1496 memoratis
1052 1438 1321 1508 infraque
1369 1433 1608 1492 Chonici
1651 1435 1986 1487 contextum
2020 1445 2112 1483 re-

456 1532 654 1605 jectis,
687 1548 802 1586 non
836 1539 924 1586 est
954 1545 1058 1584 cur
1096 1534 1216 1582 tam
1270 1528 1609 1580 constanter
1657 1523 2009 1593 refragemur
2040 1519 2110 1574 ab

463 1626 589 1694 ipso
612 1621 796 1678 Idatio
819 1618 935 1675 illis
964 1618 1025 1673 in
1059 1616 1201 1673 locis
1232 1614 1549 1685 inscriptos
1576 1611 1777 1666 fuisse.

917 1708 1058 1778 §VI.
1090 1709 1162 1762 De
1188 1722 1297 1760 mra
1330 1702 1652 1759 Abrahami.

1296 327 1643 383 ADDENDA
1683 326 1779 379 AD
1819 318 2176 391 QUOSDAM
2213 323 2750 378 PRECEDENTES
2787 320 3045 378 TOMOS.

3775 326 3882 382 688

2143 444 2199 512 Α
2230 447 2347 500 tem
2409 447 2668 502 adnectit
2725 445 3089 503 Diocletiani.
3148 445 3371 503 Verene
3399 464 3473 503 an
3507 447 3675 516 falso,
3726 452 3885 522 quod

2229 536 2497 608 disputat
2513 536 2727 609 Pagius
2757 538 2835 603 (In
2866 536 3189 609 Crilic.,an.
3223 538 3349 606 316,
3370 555 3428 595 n.
3453 539 3529 608 3),
3554 539 3703 596 nihil
3730 558 3888 598 nunc

2227 626 2425 693 refert,
2452 628 2729 681 adnectit.
2763 630 2898 681 Eam
2930 631 3126 682 autem
3161 632 3410 683 mortem
3454 628 3716 684 evenisse
3751 648 3882 686 nar-

2225 720 2316 770 rat
2366 716 2591 772 Idatius
2640 716 2697 771 in
2759 716 2949 772 Fastis
3008 733 3071 771 ιιι
3126 716 3274 772 Non.
3337 718 3465 772 Dee.
3525 718 3886 778 Narraturus

2228 804 2439 860 deinde
2488 805 2780 861 Eusebius
2832 805 3329 877 nuncupationem
3370 807 3551 863 trium
3582 813 3881 866 Caesarum

2224 895 2431 965 Crispi,
2481 895 2685 950 Licinii
2743 899 2799 950 et
2844 895 3238 964 Constantini,
3271 911 3396 967 quae
3436 898 3641 953 eodem
3692 899 3884 955 Idatio

2222 986 2371 1038 teste
2404 985 2552 1039 facta
2594 988 2683 1039 est
2730 984 2824 1039 die
2863 983 2990 1040 Kal.
3029 984 3220 1039 Martii
3276 984 3537 1056 proxime
3566 986 3884 1058 insequen-

2222 1074 2320 1138 tis,
2356 1090 2575 1128 annum
2609 1075 2874 1144 ejusdem
2922 1074 3289 1130 Constantini
3321 1076 3511 1145 Magni
3543 1076 3577 1129 8
3608 1078 3879 1149 praescri-

2225 1164 2360 1235 psit.
2397 1168 2580 1235 Atque
2609 1163 2984 1218 Decembrem
3010 1162 3160 1219 inter
3190 1168 3247 1219 et
3276 1165 3546 1220 Martium
3578 1167 3725 1222 duos
3751 1172 3882 1222 tan-

2221 1256 2347 1307 tum
2373 1269 2755 1308 numeramus
2780 1269 3015 1308 menses
3030 1254 3373 1309 Ianuarium
3395 1259 3451 1309 et
3468 1254 3878 1312 Februarium.

2222 1342 2366 1395 Puto
2405 1342 2716 1397 Eusebium
2752 1340 3107 1414 principium
3157 1341 3318 1399 illius
3355 1343 3493 1398 anni
3524 1345 3558 1397 8
3588 1345 3881 1401 Constan-

2221 1431 2324 1485 tini
2349 1431 2664 1487 Februario
2692 1448 2805 1486 non
2840 1431 3118 1503 illigasse.
3171 1436 3303 1487 Haec
3352 1432 3626 1504 pluribus
3658 1436 3882 1490 conﬁr-

2222 1518 2368 1573 mari
2402 1523 2670 1591 possent;
2705 1521 2805 1575 sed
2838 1536 2905 1575 ea
2936 1521 3079 1576 satis
3110 1521 3230 1576 fore
3261 1522 3487 1577 Petavio
3507 1522 3741 1578 credam
3771 1524 3884 1596 qui

2221 1608 2292 1663 de
2320 1608 2570 1664 Eusebio
2630 1609 2930 1681 probabile
2988 1614 3219 1665 tantum
3274 1627 3339 1667 ac
3386 1612 3712 1668 verosimile
3744 1630 3883 1671 esse

2220 1696 2424 1752 scribit
2453 1700 2703 1766 (Italian.
2733 1709 2880 1769 part.
2930 1716 2992 1763 ιι,
3027 1699 3065 1754 ι.
3096 1716 3137 1769 ι,
3169 1714 3218 1755 c.
3258 1700 3338 1771 10)
3373 1717 3559 1756 annos
3591 1702 3660 1756 ab
3694 1708 3883 1759 autu-

535 1802 622 1857 14.
649 1797 881 1869 Reliqui
904 1793 1587 1862 characteres,nimirum
1612 1790 1748 1846 anni
1769 1786 2108 1844 Abrahami.
2142 1799 2189 1865 Β
2222 1804 2359 1843 mno
2393 1803 2526 1841 cum
2558 1788 2717 1860 Syris
2749 1787 3044 1844 inchoare.

460 1892 884 1962 imperatorum
900 1891 1074 1956 atque
1098 1883 1532 1957 Olympiadum,
1550 1880 1622 1935 ab
1643 1879 1828 1935 Idalio
1852 1878 2107 1950 profecto

463 1986 622 2038 sunt.
675 1980 743 2033 Et
801 1993 987 2032 annos
1037 1974 1273 2047 quidem
1322 1970 1657 2034 Abrahami,
1690 1969 2107 2040 Hieronymum

463 2069 836 2138 Idatiumque
866 2063 1083 2119 Latinis
1117 2062 1439 2117 scribentes
1463 2077 1495 2114 a
1517 2058 1797 2114 Januario
1818 2055 2109 2127 au3picari

463 2160 809 2229 argumento
833 2154 1039 2218 est,2l
1063 2151 1217 2222 quod
1243 2150 1313 2205 ab
1334 2149 1501 2203 initio
1527 2145 1794 2203 Chronici
1820 2161 2108 2200 annorum

462 2248 697 2303 illorum
723 2248 873 2299 notae
900 2242 1179 2298 continuo
1205 2256 1374 2295 secus
1406 2254 1469 2293 ac
1495 2235 1910 2309 Olympiadum
1941 2233 2110 2288 lateri

459 2337 724 2408 ascriptis
745 2336 883 2389 sunt
904 2347 1194 2387 annorum
1219 2328 1574 2400 principum,
1601 2342 1749 2398 quos
1773 2342 1804 2380 a
1829 2324 2015 2394 capite
2038 2323 2115 2377 ad.

458 2426 676 2482 calcem
723 2440 856 2479 cum
904 2420 1074 2477 annis
1100 2419 1349 2475 Iulianis
1392 2417 1592 2482 ﬂuere,
1620 2416 1712 2469 vix
1760 2415 1818 2468 in
1861 2413 2108 2468 dubium

460 2516 605 2572 verti
638 2516 850 2586 potest.
885 2511 991 2566 Sed
1024 2514 1223 2564 tamen
1257 2506 1529 2580 quisquis
1563 2505 1633 2559 de
1676 2504 1785 2559 hoc
1828 2503 2109 2574 ambigat,

459 2605 616 2677 legat
645 2604 751 2659 hoc
780 2598 1104 2655 Chronicon
1136 2597 1193 2652 in
1228 2596 1415 2668 ipsius
1439 2596 1556 2650 fere
1588 2591 1896 2660 vestibulo,
1930 2591 2112 2646 nimi-

463 2708 596 2749 rum
643 2691 716 2746 ad
762 2704 982 2745 annum
1017 2688 1047 2740 4
1074 2691 1132 2741 et
1160 2687 1194 2739 5
1243 2685 1556 2740 Theodosii
1603 2682 1823 2753 Magni;
1856 2681 2114 2735 inveniet

464 2798 619 2838 anno
649 2781 679 2834 4
714 2794 914 2851 pacem
948 2776 1241 2831 Romanos
1282 2774 1432 2829 inter
1480 2777 1538 2829 et
1593 2772 1811 2828 Gothos
1858 2770 2112 2825 Idatium

465 2869 870 2940 consignasse,
902 2880 1075 2936 quam
1109 2863 1169 2918 in
1203 2862 1391 2918 Fastis
1443 2859 1664 2916 Idatius
1722 2859 1847 2931 ipse
1897 2858 2113 2931 perfec-

463 2965 583 3016 tam
616 2956 800 3013 t'uisse
830 2953 911 3009 ait
942 2953 1146 3025 quinto
1195 2950 1342 3009 Non.
1400 2949 1626 3016 Octob.,
1677 2948 2111 3017 assentiturque

462 3052 513 3107 ei
554 3047 766 3118 Pagius
797 3046 887 3117 (In
920 3044 1132 3113 Critia,
1166 3059 1259 3097 an.
1296 3040 1419 3109 481,
1451 3058 1509 3097 n.
1540 3042 1618 3111 2).
1652 3039 1736 3094 Ab
1775 3038 1882 3093 hac
1915 3042 2107 3093 autem

2293 1877 2379 1932 16.
2405 1877 2549 1933 Cum
2580 1876 2981 1933 eruditissimo
3014 1882 3209 1933 tamen
3230 1877 3404 1951 Pagio
3429 1895 3543 1935 non
3563 1879 3644 1936 ita
3666 1881 3879 1951 paucis

2216 1967 2508 2039 agendum
2538 1969 2627 2021 est
2658 1966 2824 2033 mihi,
2860 1966 3000 2038 quia
3041 1971 3099 2022 et
3146 1968 3511 2039 frequentius
3554 1974 3609 2024 et
3638 1987 3879 2027 asseve-

2216 2056 2467 2122 rantius,
2486 2071 2672 2126 neque
2687 2056 2757 2110 de
2770 2055 2892 2111 solo
2917 2056 3395 2125 Eusebio,verum
3422 2060 3493 2114 de
3516 2059 3881 2133 Hieronymo

2216 2144 2393 2201 etiam
2419 2144 2861 2216 atqueIdatioid
2880 2144 3072 2216 ipsum
3095 2146 3153 2200 in
3176 2146 3385 2202 Critica
3399 2148 3883 2222 afﬁrmat,exque

2217 2234 2325 2289 hac
2358 2251 2466 2289 sua
2497 2234 2769 2304 opinione
2792 2234 3136 2289 methodum
3171 2236 3494 2306 praescribit
3522 2247 3755 2308 certum,
3801 2246 3885 2296 ut

2219 2324 2318 2392 ait,
2350 2327 2399 2378 et
2426 2324 2650 2393 facilem
2694 2323 2763 2378 ad
2813 2324 3264 2396 Eusebianorum,
3312 2326 3883 2399 Hieronymianorum

2218 2418 2267 2469 el
2299 2414 2681 2469 Idalianorum
2710 2430 2990 2467 annorum
3022 2414 3325 2470 ineundum
3349 2418 3654 2485 ralionem;
3686 2428 3741 2473 et
3761 2436 3891 2475 non

2219 2508 2430 2559 tantum
2454 2502 2523 2557 al
2553 2502 2928 2575 agnoscendos
2955 2520 3165 2560 errores
3194 2505 3434 2573 Eusebii,
3471 2508 3803 2580 Hieronymi
3821 2519 3890 2566 et

2218 2593 2408 2663 Matii,
2439 2592 2530 2647 sed
2560 2597 2826 2648 eteorum
2883 2592 3131 2648 omnium
3191 2594 3289 2664 qui
3331 2594 3544 2650 eosdem
3570 2613 3889 2669 perperam

2217 2686 2391 2738 czlanl
2418 2683 2670 2754 (Dissert.
2695 2681 2760 2736 de
2771 2682 2983 2753 period.
3013 2682 3439 2756 Giwcoroman.,
3467 2686 3655 2759 n.79).
3684 2687 3891 2760 Igitur

2218 2771 2465 2843 hacipse
2489 2771 2763 2843 opinione
2791 2772 3216 2843 imbutus,cum
3244 2774 3714 2846 Idatium,quem
3730 2778 3889 2849 quia

2221 2878 2333 2916 non
2366 2860 2589 2915 viderat
2618 2860 2796 2915 enim.
2819 2861 2919 2917 23
2942 2861 3229 2917 Baronius
3247 2868 3423 2935 atque
3453 2865 3598 2920 adeo
3630 2865 3887 2921 Annali-

2218 2951 2329 3006 bus
2362 2949 2487 3006 suis
2518 2967 2632 3005 non
2654 2949 3222 3024 inseruerat,magna
3252 2968 3321 3007 ex
3353 2957 3514 3025 parte
3539 2954 3596 3009 in
3620 2971 3729 3010 sua
3750 2955 3889 3011 Cri-

2216 3040 2333 3095 tica
2364 3040 2811 3095 describendum
2835 3040 2949 3095 sibi
2971 3057 3097 3096 esse
3140 3042 3390 3113 censuit,
3415 3059 3568 3114 saepe
3591 3044 3891 3117 corrigat,

462 3140 558 3194 die
586 3136 657 3193 ad
689 3151 805 3191 xvu
835 3133 947 3227 vel
977 3132 1069 3205 (ut
1100 3133 1308 3227 demus
1488 3128 1690 3200 Pagio,
1722 3143 1793 3227 ne
1826 3128 1895 3227 de
1927 3125 2107 3227 nihil-0
2138 3158 2181 3227 α
2222 3129 2500 3202 suggillet
2531 3145 2594 3185 ac
2627 3129 2864 3185 sinistre
2895 3130 3333 3202 interpretetur,
3354 3149 3683 3205 properque
3712 3152 3747 3190 a
3781 3152 3889 3191 me

463 3223 850 3298 disputemus)
883 3223 951 3277 ad
977 3239 1067 3276 xv1
1101 3225 1235 3276 ante
1259 3218 1381 3274 Kal.
1406 3218 1767 3289 insequentis
1792 3216 2108 3287 Februarii,

463 3316 557 3372 cui
588 3311 1107 3385 inaugurationem
1154 3308 1386 3364 Arcadii
1451 3307 1778 3378 consignat,
1812 3306 1869 3359 in
1904 3306 2116 3361 iisdem

462 3405 651 3460 Fastis
680 3403 999 3467 transiens,
1056 3414 1276 3454 annum
1329 3398 1365 3452 5
1419 3396 1686 3468 praefigit.
1757 3395 1981 3450 Undea
2014 3412 2116 3449 ne-

468 3494 628 3550 mine
658 3491 992 3563 negandum
1027 3493 1167 3560 puto
1199 3487 1450 3543 Idatium
1499 3503 1684 3541 annos
1728 3485 2117 3540 Abrahamiti-

471 3599 569 3639 cos
601 3586 657 3637 et
689 3579 1098 3651 imperatorios
1130 3594 1162 3632 a
1193 3576 1471 3632 Januario
1506 3574 1877 3646 auspicatum
1914 3574 2113 3631 fuisse.

471 3671 552 3726 Ad
615 3684 837 3725 annum
897 3664 1549 3739 prazterea/iMajorani
1606 3670 1660 3718 et
1718 3663 1919 3719 Leonis
1961 3664 2115 3718 idem

476 3762 782 3815 observare
827 3756 982 3812 licet.
1041 3756 1182 3811 Nam
1214 3755 1297 3810 ibi
1350 3754 1600 3810 Idatium
1634 3770 1667 3808 a
1698 3752 2010 3808 Februario
2044 3753 2115 3807 ad

469 3848 876 3914 Novembrem,
909 3847 1109 3902 decem
1142 3843 1452 3900 continuos
1486 3859 1739 3911 menses,
1790 3842 1896 3897 sub
1923 3843 2114 3897 'unius

464 3940 857 4011 ejusdemque
891 3935 1029 3990 anni
1082 3939 1244 4001 nota,
1279 3932 1552 3988 decurrit.
1589 3931 1647 3986 Si
1680 3936 1874 3986 autem
1909 3933 1979 3987 ab
2016 3932 2116 3987 Oc—

464 4029 619 4085 tobri
651 4027 885 4082 initium
914 4040 1202 4079 annorum
1237 4026 1519 4087 sumeret,
1552 4021 1634 4076 uti
1668 4020 1904 4075 assidue
1934 4021 2114 4075 incul-

463 4127 553 4173 cat
584 4116 817 4189 Pagius,
843 4131 976 4171 cum
1006 4113 1076 4169 ad
1111 4112 1368 4181 §Idalius
1398 4113 1495 4184 qui
1513 4127 1683 4182 supra
1706 4110 1987 4181 pervenit,
2013 4115 2113 4165 aut

460 4206 636 4261 etiam
696 4210 889 4274 antea,
936 4219 1150 4259 novum
1209 4218 1429 4257 annum
1485 4200 1874 4271 designasset.
1909 4201 2015 4255 Sed
2051 4200 2107 4254 id

464 4294 680 4365 saepius
712 4297 972 4349 recurret
1000 4293 1057 4346 in
1093 4291 1267 4346 notis.

535 4383 621 4438 15.
656 4383 821 4437 Nunc
855 4389 1044 4435 autem
1075 4381 1144 4434 de
1176 4379 1526 4451 Hieronymo
1558 4380 1848 4447 dicamus,
1882 4378 1981 4451 qui
2005 4397 2106 4434 an-

452 4491 527 4529 no
560 4474 632 4528 20
671 4469 1016 4535 Constantii,
1044 4468 1411 4523 Constantini
1439 4469 1630 4538 Magni
1656 4469 1783 4535 ﬁlii,
1817 4469 1936 4522 ilth
1965 4469 2101 4523 scri-

2222 3221 2558 3291 frequenter
2588 3219 3029 3290 redarguendus
3062 3220 3159 3285 sit,
3190 3219 3370 3276 altius
3399 3222 3549 3277 hanc
3580 3222 3654 3277 de
3685 3240 3888 3279 anno-

2222 3327 2353 3365 rum
2388 3309 2783 3365 Idatianorum
2818 3310 3052 3364 exordio
3101 3310 3558 3381 disputationem
3611 3318 3889 3384 repetere

2225 3404 2402 3472 atque
2433 3397 2755 3471 perspicuis
2787 3399 3152 3470 argumentis
3184 3400 3425 3455 delinire
3476 3418 3630 3456 nunc
3666 3404 3886 3469 statui,

2225 3506 2297 3545 ne
2338 3489 2427 3544 cui
2462 3493 2664 3560 postea
2693 3487 2893 3543 videar
2922 3505 2989 3543 ex
3020 3487 3284 3544 lubidine
3326 3491 3520 3560 potius
3570 3491 3691 3546 viro
3742 3493 3890 3549 doc-

2224 3579 2453 3634 tissimo
2506 3577 2941 3633 contradicendi
2982 3595 3159 3649 quam
3201 3594 3271 3633 ex
3311 3578 3569 3634 ofﬁcioso
3620 3580 3887 3637 Idatium

2225 3666 2576 3724 defendendi
2599 3666 2796 3721 studio
2828 3665 2912 3720 illi
2947 3666 3283 3739 frequenter
3311 3668 3609 3739 refragari.

2298 3759 2383 3814 17.
2406 3757 2587 3827 Igitur
2608 3771 2742 3810 cum
2775 3754 2833 3808 in
2861 3755 3166 3821 Chronico,
3201 3755 3372 3826 quale
3403 3756 3546 3811 illud
3582 3756 3888 3816 habemus

2223 3849 2293 3903 ab
2318 3847 2689 3917 Hieronymo,
2715 3862 2899 3899 annos
2918 3844 3233 3899 Abrahami
3258 3861 3287 3899 e
3311 3845 3546 3917 regione
3580 3864 3884 3904 annorum

2223 3937 2555 4009 principum
2570 3934 2941 4005 nequelatum
2954 3950 3206 4006 unguem
3226 3935 3887 4007 superiusautinferius

2223 4025 2600 4095 consignatos
2626 4024 2954 4093 videamus,
2988 4025 3119 4093 quis
3144 4023 3255 4077 sibi
3278 4023 3497 4096 aPagio
3526 4026 3886 4096 persuaderi

2222 4114 2482 4187 patiatur
2498 4112 2769 4169 Latinum
2793 4112 3108 4167 Eusebium
3137 4111 3230 4184 (ne
3262 4113 3332 4167 de
3364 4113 3562 4168 Graeco
3594 4120 3884 4187 autogra-

2219 4204 2333 4275 pbo
2365 4202 3219 4275 disputemus),Hieronymum
3241 4218 3304 4256 ac
3330 4202 3884 4269 Idatium,Abraha~

2218 4295 2299 4349 mi
2334 4310 2520 4350 annos
2554 4293 2624 4347 ab
2657 4291 2912 4360 Octobri,
2942 4291 3422 4362 principumvero
3447 4292 3884 4360 aJanuario,ut

2218 4385 2690 4439 demonstratum
2714 4379 3154 4451 est,auspicari,
3182 4380 3499 4450 praesertim
3520 4397 3652 4435 cum
3681 4399 3881 4440 annos

2214 4472 2683 4546 Olympiadicos,
2717 4471 2931 4541 quibus
2978 4468 3332 4541 principium
3376 4469 3533 4524 aliud
3578 4472 3882 4530 dederunt

453 4563 539 4620 bit
564 4578 577 4617 :
601 4561 868 4618 Julianus
898 4562 1082 4627 [ναίειν
1114 4558 1257 4612 Galli
1286 4557 1578 4612 Mediolani
1625 4560 1807 4615 Caesar
1855 4560 2097 4629 appella-
2134 4538 2179 4601 D
2215 4538 2811 4635 quam-imperatoris,
2846 4538 3329 4614 alio'etiam‘loco
3355 4560 3442 4613 vel
3476 4560 3741 4616 anterius
3776 4564 3877 4618 vel

447 4654 540 4706 tur
569 4665 667 4704 VIII
698 4646 826 4703 Idus
855 4647 1137 4710 Novemb.,
1165 4645 1631 4716 subsignatoque
1678 4664 1810 4701 mox
1850 4665 1999 4701 anno
2031 4650 2094 4702 21

443 4738 710 4809 ejusdem
742 4735 1070 4793 Constantii
1103 4735 1184 4789 ait
1218 4751 1229 4788 :
1266 4736 1529 4806 Reliquiae
1564 4739 1795 4806 apostoli
1829 4737 2096 4793 Timet/lci

441 4826 977 4898 Constantinopolim
1000 4826 1227 4879 invectae
1257 4829 1405 4879 sunt.
1430 4826 1605 4897 Atqui
1632 4826 1852 4881 Idatius
1871 4827 1926 4881 in
1954 4828 2090 4883 Fas-

441 4919 518 4974 tis
551 4915 868 4989 contigisse
898 4915 954 4970 id
988 4918 1242 4969 testatur
1275 4913 1367 4969 die
1400 4914 1523 4969 Kal.
1556 4914 1737 4969 Junii.
1776 4916 1972 4987 Neque
2003 4922 2090 4972 est

434 5007 535 5079 qui
569 5006 923 5063 evectionem
949 5003 1100 5059 hanc
1134 5003 1376 5075 longius
1410 5004 1735 5076 protrahat,
1770 5006 1882 5062 nisi
1914 5007 2092 5063 Theo-

435 5097 615 5153 dorus
648 5097 851 5151 Lector
879 5095 959 5165 (L.
994 5111 1036 5149 ιι
1069 5093 1416 5165 Colleclan.),
1473 5094 1571 5164 qui
1617 5099 1806 5150 tamen
1842 5096 1899 5150 in
1933 5096 2086 5153 diem

432 5186 501 5239 24
535 5187 633 5242 22
666 5186 931 5256 ejusdem
965 5183 1187 5239 mensis
1229 5182 1390 5237 Junii
1423 5182 1522 5238 illa
1572 5184 1760 5239 refert.
1809 5187 2081 5258 llierony-

436 5290 570 5329 mus
620 5289 780 5345 ergo,
812 5291 843 5328 a
875 5271 1185 5328 Novembri
1220 5272 1277 5325 in
1311 5272 1641 5342 proximum
1673 5274 1917 5330 Junium
1952 5293 2081 5347 pro-

432 5362 667 5431 cedens,
703 5379 915 5417 novum
948 5378 1168 5416 annum
1193 5360 1508 5415 inchoavit.
1543 5362 1663 5424 Quo
1689 5362 2083 5433 igiturmense

431 5450 545 5506 nisi
574 5451 895 5506 Januario?
943 5452 1107 5507 Certe
1138 5455 1487 5505 autumnum
1541 5469 1655 5506 non
1707 5457 2077 5523 exspectavit.

429 5540 644 5595 Verum
677 5545 733 5595 et
764 5541 1078 5594 Eusebium
1114 5541 1173 5595 in
1208 5541 1410 5594 Latino
1451 5540 1738 5596 Chronico
1788 5560 2073 5600 annorum

425 5630 758 5702 principum
792 5628 1094 5684 exordium
1128 5647 1159 5684 a
1187 5629 1467 5685 Januario
1512 5647 1716 5701 capere
1748 5632 2075 5691 clarissime

421 5725 673 5779 constat.
708 5718 1011 5793 Siquidem
1047 5720 1416 5776 Constantini
1449 5720 1640 5793 Magni
1674 5740 1825 5779 anno
1857 5726 1890 5777 7
1918 5742 2071 5781 mor-

2212 4652 2500 4724 posterius
2533 4650 2875 4721 designasse
2913 4649 3292 4719 perspicuum
3330 4648 3438 4703 sit?
3471 4648 3753 4705 Perterea
3786 4651 3880 4707 ita

2207 4743 2430 4798 Idatius
2465 4760 2495 4795 a
2533 4738 2996 4810 multiplicandis
3048 4738 3103 4791 in
3154 4737 3391 4806 epochis
3423 4755 3573 4809 quas
3608 4749 3876 4811 usurpat

2206 4847 2494 4887 annorum
2558 4830 2745 4885 initiis
2778 4827 3072 4890 abhorret,
3102 4832 3165 4881 ut
3209 4828 3256 4881 si
3291 4829 3527 4898 quando
3560 4829 3871 4901 principes

2206 4920 2518 4991 imperium
2554 4920 2771 4973 adeunt
2804 4922 2935 4989 post
2974 4917 3319 4971 Januarium
3354 4922 3602 4989 postque
3631 4935 3869 4989 praeno-

2202 5016 2391 5066 tatum
2425 5009 2482 5063 in
2515 5008 2799 5065 Chronico
2846 5010 3177 5062 currentem
3233 5023 3477 5077 annum,
3510 5013 3611 5062 aut
3642 5025 3868 5066 novam

2203 5099 2344 5156 aditi
2405 5097 2637 5170 imperii
2696 5101 2893 5152 notam
2955 5112 3069 5151 non
3130 5095 3424 5165 adhibeat,
3464 5096 3576 5162 vel,
3620 5097 3668 5152 si
3722 5114 3866 5155 eam

2202 5190 2460 5254 adhibet,
2519 5205 2651 5243 cum
2715 5186 2971 5258 primum
3025 5202 3087 5241 se
3143 5186 3243 5240 dat
3300 5186 3555 5254 occasio,
3605 5190 3861 5259 suppri-

2201 5289 2315 5335 mat
2341 5296 2353 5347 ;
2390 5278 3000 5350 quippe,reccurrcnte
3035 5274 3297 5346 proximo
3318 5275 3621 5345 Januario,
3644 5278 3859 5333 ctiam-

2198 5371 2247 5424 si
2280 5368 2641 5440 principatus
2672 5366 2934 5437 expletus
2969 5381 3081 5419 non
3117 5364 3194 5419 sit
3239 5382 3431 5420 annus
3474 5365 3723 5436 primus,
3756 5384 3859 5423 se-

2196 5461 2453 5513 cundum
2487 5456 2973 5527 designat.Cujus
3009 5452 3317 5524 utriusque
3363 5455 3627 5527 exempla
3659 5455 3857 5512 habes

2191 5548 2248 5603 in
2284 5547 2515 5602 Placido
2572 5544 3003 5613 Valentiniano,
3064 5543 3123 5597 in
3183 5543 3371 5612 Avito,
3430 5545 3728 5615 Majorano
3786 5552 3853 5601 et

2193 5639 2402 5694 Leone.
2443 5636 2701 5691 Prudens
2746 5651 2886 5690 sane
2917 5631 3229 5690 consilium
3264 5651 3379 5704 quo
3432 5639 3669 5690 cautum
3714 5651 3854 5692 esse

2191 5726 2369 5784 voluit
2403 5741 2473 5781 ne
2507 5722 2923 5795 Cbronologiaa,
2951 5738 3080 5794 qua:
3105 5740 3197 5779 res
3220 5727 3308 5779 est
3338 5723 3483 5780 satis
3506 5740 3611 5796 per
3638 5740 3702 5779 se
3729 5724 3849 5779 im-
