4156 6320
306 388 415 443 689

1152 391 1248 441 AD
1289 389 1509 442 IDATII
1551 390 1867 442 EPISCOPI
1906 388 2317 445 CHRONICON
2356 396 2919 453 PROLEGOMENA.

3616 400 3723 453 690

304 515 496 588 plexa,
530 530 688 568 nova:
728 512 1170 568 oﬂ‘underentur
1198 513 1470 580 tenebrae,
1518 513 1735 585 quibus
1774 512 1956 569 lector
1983 515 2038 581 Α
2068 512 2623 587 Pagius,verisimile
2644 538 2772 578 esse
2795 540 2979 578 annos
3008 523 3363 579 Eusebianos
3385 524 3456 579 ab
3480 528 3716 580 autum-

315 603 673 676 praepeditus
705 602 763 656 in
786 618 1039 657 errorem
1072 601 1387 658 laberetur.
1414 607 1537 658 Non
1570 603 1742 675 longe
1764 603 1960 671 abibo,

300 709 492 764 neque
525 710 557 747 a
588 693 680 746 via
704 692 795 745 cui
818 691 1038 747 instere
1060 692 1240 747 debeo
1269 694 1559 757 recedam,
1597 694 1736 747 dum
1762 697 1962 747 osten-

303 784 374 839 do
409 782 949 855 interprelationem
986 783 1085 837 24
1119 782 1269 837 hanc
1300 783 1371 837 de
1404 782 1575 837 annis
1612 781 1959 837 Eusebianis

302 871 773 941 Hieronymianis
797 876 854 926 et
878 872 1179 936 Idatianis,
1205 872 1274 926 ab
1297 872 1563 927 Octobris
1580 872 1701 927 sive
1723 878 1958 927 autum-

301 979 375 1017 no
399 961 821 1033 incipientibus
853 963 1263 1033 (przeterquam
1298 962 1451 1029 quod
1488 962 1635 1016 falsa
1665 963 1796 1033 est),
1830 978 1955 1016 sex-

303 1056 611 1107 centarum
635 1066 901 1107 errorum
925 1067 1162 1105 causam
1183 1067 1296 1105 non
1321 1051 1510 1105 solum
1540 1050 1828 1105 tironibus
1852 1051 1954 1106 sed

298 1140 478 1196 etiam
515 1139 893 1211 chronologis
924 1157 1039 1195 non
1076 1140 1326 1195 indoctis
1361 1140 1615 1195 futuram
1650 1156 1797 1195 esse.

362 1231 451 1284 18.
487 1230 663 1285 Porro
699 1230 855 1285 idem
890 1229 1275 1285 doctissimus
1311 1230 1541 1301 Pagius,
1578 1231 1718 1284 dum
1743 1230 1813 1285 de
1843 1229 1952 1283 hac

292 1336 355 1376 re
368 1320 659 1392 disputat,
678 1336 793 1374 non
811 1319 938 1374 sine
954 1318 1145 1390 aliqua
1159 1320 1372 1374 erroris
1388 1336 1452 1374 ac
1471 1319 1951 1374 contradictionis

294 1409 494 1481 specie
518 1410 755 1464 locutus
787 1413 895 1464 est.
914 1409 1060 1464 Nam
1080 1408 1417 1464 testimonio
1438 1408 1671 1464 Eusebii
1700 1410 1951 1463 adducto

306 1498 622 1554 scribentis
653 1498 900 1569 (Dissert.
936 1498 1001 1552 de
1029 1499 1241 1569 period.
1274 1498 1787 1566 Graec-romanam
1816 1498 1949 1568 78):

306 1588 657 1658 Colliguntur
680 1604 866 1643 omnes
895 1588 1034 1643 anni
1062 1588 1367 1643 Abrahami
1388 1605 1555 1659 usque
1586 1588 1949 1643 adNativita-

295 1686 405 1733 tem
438 1676 652 1732 Christi
680 1677 818 1732 anni
834 1694 912 1733 mi
940 1694 1035 1744 xv,
1061 1677 1289 1732 incluso
1312 1677 1536 1732 scilicet
1595 1677 1652 1731 in
1680 1677 1769 1731 his
1795 1693 1947 1731 anno

286 1767 479 1838 primo
502 1766 737 1833 Christi,
765 1765 1073 1837 subjungit
1097 1784 1110 1821 :
1132 1766 1348 1822 Certum
1369 1772 1447 1821 est
1460 1782 1605 1822 anno
1626 1766 1857 1823 Iuliano
1881 1767 1948 1820 43

2072 621 2144 660 no
2177 608 2478 664 exordium
2530 627 2798 680 sumere;
2834 618 3114 678 attamen,
3145 613 3282 684 quia
3315 612 3504 682 major
3534 613 3717 669 Euse-

2069 695 2374 752 bianorum
2404 717 2536 770 pars
2560 718 2691 755 cum
2716 701 2959 758 Iulianis
2984 703 3371 773 sequentibus
3394 703 3712 771 concurrit,

2067 787 2274 841 suadet
2309 796 2365 842 ut
2396 788 2453 843 in
2488 806 2594 843 usu
2631 807 2820 846 annus
2852 792 3188 858 Abrahami,
3217 791 3466 863 exempli
3500 792 3710 863 gratia,

2063 876 2223 943 2015,
2246 893 2379 931 cum
2405 879 2469 933 44
2487 879 2722 935 Juliano
2746 881 3096 951 conferatur,
3114 898 3363 952 quocum
3391 898 3711 953 pernovem

2065 979 2300 1021 menses
2327 969 2644 1037 concurrit,
2681 987 2795 1025 non
2828 987 2960 1025 vero
2992 988 3123 1025 cum
3150 972 3237 1037 43,
3264 986 3394 1025 cum
3428 986 3543 1042 quo
3568 988 3709 1041 prte-

2062 1054 2220 1110 dicto
2252 1073 2405 1111 anno
2436 1058 2753 1113 Abrahami
2778 1060 2921 1113 2015
2942 1060 3121 1115 trium
3146 1065 3376 1114 tantum
3415 1059 3710 1115 mensium

2062 1146 2457 1202 communitas
2481 1150 2589 1202 est.
2610 1148 2677 1202 Et
2699 1148 2821 1203 haec
2843 1149 3080 1220 quidem
3107 1149 3372 1205 Petavius
3398 1148 3709 1205 consultis-

2060 1236 2207 1290 sime
2234 1254 2247 1291 :
2274 1254 2408 1292 nam
2444 1254 2736 1311 quaenam,
2770 1241 2869 1296 26
2895 1256 3055 1312 rogo,
3080 1240 3472 1312 chronologiae
3502 1241 3709 1295 cuntu-

2059 1325 2146 1379 sio
2169 1330 2224 1379 et
2250 1327 2609 1395 perturbatio
2633 1334 2741 1398 est,
2763 1330 2811 1383 si
2840 1335 2941 1385 aut
2963 1346 3184 1384 annum
3208 1328 3425 1385 Christi
3450 1328 3708 1400 primum

2058 1431 2190 1468 cum
2211 1416 2643 1473 Abrahamitico
2662 1419 2803 1473 2015
2825 1436 2856 1473 a
2874 1420 2965 1475 die
2990 1424 3152 1475 sexta
3176 1419 3440 1474 Januarii
3463 1419 3704 1489 conjun-

2057 1520 2221 1575 gens,
2253 1506 2521 1559 eumdem
2548 1507 2826 1579 scjungas
2852 1509 2921 1563 ab
2942 1525 3094 1564 anno
3116 1508 3351 1563 Juliano
3373 1508 3460 1575 44,
3488 1507 3585 1579 qui
3604 1523 3703 1562 sex

2057 1592 2219 1664 prius
2250 1593 2457 1648 diebus
2490 1594 2804 1651 inchoatus
2838 1597 2991 1652 fuit?
3023 1602 3125 1653 aut
3164 1597 3461 1652 Christum
3497 1601 3697 1650 natum

2055 1698 2326 1737 asserens
2358 1684 2667 1739 consulatu
2702 1686 2947 1757 Augusti
2978 1703 3103 1746 xm.
3137 1690 3345 1741 natum
3374 1701 3502 1740 esse
3527 1701 3705 1755 neges

2054 1772 2254 1827 eodem
2288 1773 2386 1828 illo
2418 1791 2572 1829 anno
2602 1774 2837 1831 Juliano
2860 1778 2949 1843 44,
2974 1782 3147 1848 atque
3170 1793 3268 1831 eos
3294 1776 3470 1831 etiam
3489 1791 3700 1847 carpas

289 1854 578 1910 Eusebium
608 1854 861 1926 primum
885 1855 1301 1911 incarnationis
1330 1874 1536 1911 annum
1560 1855 1863 1926 incwpisse.
1882 1859 1948 1908 Et
1980 1872 2024 1936 Β
2056 1860 2153 1929 qui
2180 1860 2286 1914 hoc
2304 1860 2643 1916 afﬁrmant?
2664 1868 2869 1919 Annon
2894 1863 3236 1919 consulatus
3267 1863 3374 1918 iste
3390 1869 3565 1934 atque
3593 1878 3699 1916 an-

288 1962 359 2000 ne
385 1946 521 2017 quis
553 1945 637 2000 ita
661 1945 849 2017 possit
873 1944 993 2000 haec
1018 1945 1413 2018 interpretari,
1437 1945 1604 2017 quasi
1639 1961 1849 2000 sensus
1873 1944 1950 1999 sit

285 2034 607 2090 Eusebium
623 2034 840 2103 Christi
856 2039 1049 2090 ortum
1069 2034 1153 2090 illi
1169 2052 1321 2091 anno
1343 2035 1661 2091 Abrahami
1678 2035 1949 2107 alligasse

281 2124 386 2195 qui
421 2124 493 2180 ab
528 2128 815 2180 autumno
846 2125 985 2180 anni
1010 2124 1665 2181 43Ju1iani'exordium
1693 2123 1951 2195 sumpsit

286 2212 570 2268 continuo
603 2213 769 2269 addit
795 2229 808 2269 :
840 2214 1137 2269 Eusebium
1174 2215 1580 2269 Incarnationis
1609 2215 1949 2285 principium

273 2300 349 2354 ab
383 2316 538 2357 anno
566 2301 797 2357 Iuliano
822 2302 891 2357 43
914 2306 1174 2373 repetere.
1208 2302 1570 2374 Principium
1592 2302 1951 2357 Incarnatio-

281 2390 379 2445 nis
400 2390 664 2463 (sumpta
692 2392 1100 2448 lncarnatione
1125 2410 1227 2464 pro
1254 2393 1586 2462 Nativitate,
1608 2396 1952 2464 proutnunc

296 2479 623 2551 loquimur,
656 2480 810 2535 diem
844 2480 1059 2536 Christi
1092 2482 1211 2536 nati
1247 2482 1528 2553 primum,
1561 2486 1662 2536 aut
1694 2480 1951 2551 aliquem

294 2568 385 2624 illi
416 2570 746 2641 proximum
780 2586 910 2625 esse
940 2587 1110 2626 nemo
1144 2588 1256 2626 non
1282 2570 1583 2635 fatebitur,
1607 2570 1949 2626 sicutnemo

294 2658 442 2714 item
475 2663 565 2714 est
593 2659 692 2731 qui
712 2661 969 2716 nesciret
992 2660 1456 2716 annosJulianos
1482 2678 1514 2715 a
1545 2659 1664 2716 Kal.
1688 2658 1950 2715 Januarii

280 2748 524 2803 initium
542 2765 768 2821 capere.
797 2749 940 2805 Cum
960 2749 1140 2821 igitur
1162 2750 1468 2817 Eusebius,
1494 2751 1721 2805 Graecos
1742 2750 1947 2804 imita-

290 2842 419 2907 tus,
451 2837 777 2909 alligaverit
806 2837 1073 2895 Natalem
1098 2840 1460 2896 Christi'diei
1481 2843 1654 2895 sexta:
1684 2839 1946 2894 Januarii

286 2926 432 2982 anni
457 2927 724 2996 ejusdem
751 2926 1064 2984 Abrahami
1084 2929 1245 2995 2015,
1272 2930 1540 3001 potuitne
1568 2928 1796 2999 Pagius,
1823 2927 1948 2982 sine

284 3015 507 3071 erroris
524 3032 589 3071 ac
604 3017 1085 3074 contradictionis
1101 3016 1946 3090 specie,scribereIncarnatiov

284 3105 384 3160 nis
415 3104 651 3161 initium
685 3106 758 3162 ab
791 3123 943 3161 anno
973 3108 1208 3163 Jutiano
1243 3109 1311 3162 43
1344 3108 1661 3164 Eusebium
1696 3121 1950 3162 arcesse-

291 3211 358 3250 re
379 3193 407 3248 ?
440 3198 582 3251 Nam
607 3194 732 3250 dies
765 3195 867 3251 illa
892 3196 1233 3263 6Januarii,
1259 3199 1350 3254 cui
1375 3198 1661 3254 Eusebius
1680 3195 1945 3252 Natalem

290 3282 523 3338 Christi
550 3283 846 3354 ascripsit,
875 3286 910 3338 6
932 3286 1152 3356 pariter
1187 3291 1311 3342 erat
1331 3288 1455 3342 dies
1477 3287 1615 3342 anni
1638 3287 1705 3340 44
1725 3284 1947 3340 Juliani

2056 1964 2166 2003 nus
2198 1950 2267 2003 44
2304 1948 2573 2005 Julianus
2605 1952 2807 2007 eadem
2840 1953 2935 2008 die
2976 1954 3203 2008 initium
3250 1951 3508 2007 habuere
3530 1951 3557 2005 ‘t
3587 1951 3696 2005 Sed

2057 2040 2402 2094 miseretme
2424 2040 2697 2096 humanae
2722 2042 3161 2108 imbecillitatis,
3185 2044 3325 2097 dum
3348 2042 3514 2096 video
3537 2056 3701 2095 eum-

2057 2129 2313 2183 demmet
2344 2129 2585 2201 Pagium
2622 2131 2881 2203 idipsum
2927 2133 3079 2202 quod
3116 2132 3175 2186 in
3208 2131 3439 2186 Petavio
3482 2130 3580 2185 hic
3609 2144 3702 2184 re-

2058 2218 2368 2289 prehendit
2399 2218 2539 2274 alibi
2575 2222 2820 2291 probare
2852 2222 3089 2293 (Prolog.
3116 2221 3184 2276 ait
3213 2220 3430 2275 dissert.
3452 2220 3619 2291 Hyp.,
3642 2235 3697 2273 η.

2058 2308 2172 2377 15],
2220 2308 2651 2381 Petavianaque
2697 2311 2900 2381 regula
2964 2312 3246 2365 utendum
3297 2325 3426 2365 esse
3474 2311 3699 2364 docere.

2055 2401 2254 2467 Agens
2293 2397 2445 2452 enim
2490 2399 2560 2452 de
2594 2416 2744 2454 anno
2777 2400 2811 2452 2
2858 2399 3091 2470 imperii
3143 2399 3203 2453 C.
3239 2398 3535 2469 Caligulae,
3579 2397 3703 2452 hac

2058 2485 2300 2540 scribit:
2332 2486 2484 2540 Alter
2514 2486 2739 2558 imperii
2770 2488 3037 2556 Caligulae
3067 2503 3242 2543 annos
3274 2485 3484 2541 Christi
3517 2485 3703 2557 potius

2054 2575 2125 2628 38
2158 2590 2321 2646 quam
2352 2576 2420 2629 39
2452 2579 2554 2646 est,
2577 2592 2699 2630 cum
2730 2576 2799 2630 38
2832 2576 3045 2634 Christi
3074 2592 3253 2631 annus
3282 2574 3705 2646 correspondeat

2054 2680 2245 2720 novem
2291 2665 2537 2735 ejusdem
2576 2667 2805 2721 secundi
2852 2666 3078 2737 imperii
3107 2667 3246 2721 anni
3290 2664 3590 2730 mensibus,
3634 2663 3704 2718 39

2054 2768 2178 2809 vero
2208 2755 2387 2808 tribus
2416 2757 2631 2809 tantum
2663 2757 2838 2827 iisque
2870 2755 3236 2826 incompletis.

2124 2844 2213 2897 20.
2250 2845 2431 2914 Auget
2462 2844 2672 2898 deinde
2705 2845 2978 2900 tenebras
3014 2844 3260 2917 Pagius,
3296 2842 3608 2916 inquiens:
3642 2843 3701 2897 In

2054 2947 2175 2989 éBra
2214 2932 2562 3005 Dionysium:
2583 2933 2797 3003 primus
2829 2934 3037 2989 Christi
3053 2951 3232 2990 annus
3254 2932 3550 2989 inchoatur
3570 2933 3678 2987 Kal
3687 2958 3699 2971 -

2052 3024 2317 3079 Januarii
2345 3023 2482 3077 anni
2507 3023 2733 3080 Juliani
2761 3025 2848 3079 46.
2878 3028 3125 3095 Namque
3153 3040 3333 3079 annus
3354 3023 3614 3078 Julianus
3634 3021 3703 3075 43

2055 3114 2218 3167 annis
2249 3112 2425 3167 tribus
2455 3130 2485 3167 a
2515 3113 2584 3167 46
2612 3114 2777 3169 distat
2802 3131 2815 3181 ;
2840 3118 2889 3168 et
2920 3117 3016 3185 qui
3044 3114 3299 3169 Natalem
3320 3113 3529 3167 Christi
3556 3126 3701 3166 anno

2060 3200 2281 3257 Iuliano
2303 3202 2371 3255 44
2393 3203 2642 3267 ascribit,
2674 3204 2835 3257 illum
2856 3208 2971 3257 tres
2999 3203 3252 3257 anterius
3270 3217 3446 3257 annos
3466 3204 3704 3256 statuere

2061 3300 2335 3355 eensetur,
2370 3308 2537 3362 quam
2584 3293 2683 3362 qui
2706 3309 2829 3346 eum
2859 3293 3139 3363 consignat
3168 3307 3313 3346 anno
3339 3291 3408 3344 46
3453 3289 3702 3360 (Dissert.

288 3370 587 3444 siquidem
622 3372 732 3428 iste
765 3373 1075 3430 inchoatus
1105 3380 1195 3430 est
1224 3376 1315 3431 die
1346 3377 1536 3448 prima
1557 3376 1952 3445 cjusdemmet
2058 3380 2125 3435 de
2153 3381 2366 3451 period.
2422 3380 2853 3448 Crmcoroman.,
2886 3399 2944 3436 η.
2976 3381 3089 3452 79).
3133 3382 3278 3437 Cum
3312 3395 3447 3450 ergo
3499 3378 3707 3434 dixerit

286 3460 578 3516 Januarii.
615 3462 802 3533 Igitur
832 3466 1334 3534 quemadmodum
1370 3466 1547 3520 etiam
1576 3465 1623 3520 si
1659 3462 1948 3519 Eusebius

289 3566 515 3605 annum
549 3550 640 3605 cui
674 3552 930 3607 adnectit
964 3554 1432 3610 Incarnationem
1460 3555 1531 3610 ab
1554 3553 1785 3609 Octobri
1811 3551 1949 3607 anni

283 3638 588 3696 43Juliani
613 3641 955 3711 auspicatus
979 3642 1329 3711 fuisset,non
1355 3648 1661 3715 propterea
1674 3642 1787 3697 dici
1807 3658 1949 3712 pos-

291 3732 391 3784 set
417 3728 514 3785 25
564 3728 777 3785 Christi
809 3730 1075 3787 Natalem
1115 3732 1287 3788 alicui
1320 3749 1389 3788 ex
1418 3733 1611 3788 tribus
1652 3731 1945 3803 prioribus

289 3817 562 3888 ejusdem
594 3817 735 3873 anni
761 3820 1065 3876 mensibus
1089 3820 1345 3889 Octobri,
1379 3822 1690 3879 Novembri
1716 3826 1817 3875 aut
1836 3820 1943 3875 De-

286 3906 535 3978 cembri,
558 3922 746 3979 neque
766 3909 1074 3966 consulatu
1099 3911 1325 3967 Lentuli
1347 3916 1403 3967 et
1421 3911 1743 3968 Messallini
1766 3909 1946 3965 ascri-

286 3994 505 4067 psisse,
541 3996 679 4066 quia
707 4004 763 4051 et
794 3999 1141 4057 consulatus
1174 4001 1283 4057 iste
1333 4006 1389 4056 et
1423 4006 1540 4057 tres
1589 4001 1673 4055 illi
1709 4015 1943 4055 menses

286 4081 441 4137 ﬁniti
468 4083 594 4154 jam
627 4090 797 4141 erant
828 4087 921 4143 die
960 4096 1125 4144 sexta
1156 4090 1523 4161 insequentis
1551 4088 1839 4152 Januarii,
1863 4089 1943 4143 ita

284 4188 483 4243 neque
512 4172 717 4246 effingi
748 4175 998 4232 Eusebio
1029 4183 1220 4250 potest
1250 4196 1383 4235 eum
1417 4196 1566 4234 anno
1600 4181 1669 4233 43
1707 4178 1942 4233 Juliano

280 4260 559 4317 Natalem
573 4262 786 4318 Christi
810 4264 1103 4338 alligasse,
1128 4270 1609 4340 quandoquidem
1634 4285 1826 4323 annus
1849 4266 1941 4321 hic

284 4367 406 4405 non
441 4348 641 4405 minus
673 4368 739 4407 ac
769 4358 891 4410 tres
921 4355 1005 4411 illi
1038 4373 1273 4412 menses
1323 4358 1667 4413 consulatus
1715 4340 1940 4412 Lentuli

280 4445 343 4495 et
366 4438 683 4495 Messallini
708 4443 912 4499 eadem
942 4444 1041 4500 illa
1064 4447 1156 4501 die
1171 4451 1333 4502 sexta
1354 4448 1590 4519 penitus
1615 4447 1937 4503 efﬂuxerat.

365 4528 454 4582 19.
489 4528 605 4600 Ego
639 4547 777 4586 sane
810 4549 923 4588 non
957 4534 1123 4591 video
1156 4552 1263 4591 cur
1290 4537 1525 4608 Pagius,
1552 4537 1652 4608 qui
1677 4537 1736 4591 in
1762 4553 1939 4607 appa-

288 4618 424 4669 ratu
460 4616 530 4670 ad
566 4618 843 4689 Annales,
876 4638 933 4676 n.
973 4623 1096 4693 146,
1130 4624 1223 4679 cui
1256 4625 1577 4697 inscriptus
1623 4630 1712 4680 est
1748 4641 1938 4680 annus
1975 4594 2016 4657 Β

279 4703 567 4760 Julianus
595 4707 684 4774 43,
709 4708 950 4766 disertis
978 4713 1170 4768 verbis
1196 4713 1413 4769 fatetur
1432 4715 1728 4770 Eusebium
1742 4716 1937 4770 existi-

282 4808 471 4848 masse
494 4794 777 4851 Christum
805 4808 1002 4855 natum
1032 4800 1123 4857 die
1150 4812 1305 4858 sexta
1331 4804 1642 4860 Jannuarii
1666 4804 1940 4875 sequentis

280 4881 447 4949 anni,
474 4899 650 4953 quem
676 4885 917 4957 ibidem,
943 4907 1000 4944 n.
1030 4891 1151 4955 153,
1177 4893 1301 4963 ipse
1324 4895 1392 4949 43
1409 4912 1477 4949 ex
1492 4893 1746 4949 Julianis
1770 4892 1936 4959 facit;

279 4986 426 5033 non,
448 4969 715 5042 inquam,
747 4975 934 5044 video,
960 4995 1065 5033 cur
1088 4980 1147 5034 in
1170 4980 1382 5036 Critica
1409 4982 1511 5053 (Ad
1540 5000 1635 5036 an.
1673 4984 1759 5049 14,
1792 5001 1849 5036 τι.
1883 4983 1936 5054 6)

286 5058 594 5115 Petavium
610 5063 888 5136 corrigat,
903 5068 1059 5137 quod
1078 5067 1135 5122 in
1156 5070 1423 5125 eumdem
1441 5088 1659 5126 annum
1680 5072 1743 5124 44
1761 5071 1941 5127 Julia-

285 5165 321 5202 n
336 5165 436 5202 um
463 5148 782 5207 Eusebium
798 5153 1012 5210 Christi
1027 5155 1292 5212 Natalem
1310 5159 1578 5215 retulisse
1601 5160 1836 5215 scribat.
1853 5162 1937 5213 An

284 5236 430 5307 quia
452 5240 742 5297 Eusebius
766 5260 953 5300 annos
986 5246 1203 5317 quibus
1233 5248 1559 5304 Chronicon
1594 5267 1769 5305 suum
1792 5250 1940 5305 insi~

280 5325 495 5399 gnivit,
521 5329 594 5384 ab
618 5336 927 5403 autumno,
954 5341 1016 5390 ut
1039 5336 1331 5393 existimat
1354 5340 1589 5411 Pagius,
1620 5339 1937 5403 inchoavit,

282 5432 476 5472 annos
494 5417 789 5491 Julianos,
815 5440 963 5495 quos
988 5443 1291 5498 nunquam
1319 5436 1584 5501 usurpat,
1608 5449 1641 5487 a
1663 5431 1789 5485 suis
1811 5430 1938 5484 fini.

280 5505 399 5562 bus
432 5506 683 5566 avellere
714 5513 927 5583 potuit,
962 5515 1328 5589 efﬁcereque,
1364 5536 1436 5574 ne
1468 5521 1532 5575 44
1568 5536 1760 5575 annus
1812 5520 1936 5576 Kal.

276 5594 555 5666 ejusdem
586 5601 807 5659 mensis
825 5603 1497 5679 Januarii,cujus:sextae
1529 5610 1643 5665 diei
1676 5609 1937 5665 Natalem

285 5683 505 5742 Christi
537 5693 845 5763 annexuit,
892 5694 1207 5753 inchoatus
1255 5698 1478 5755 fuerit?
1525 5699 1942 5755 Ohservaverat

285 5774 566 5834 Petavius
616 5779 856 5852 (Ration.
905 5793 1055 5857 part.
1098 5803 1162 5851 Il,
1214 5788 1251 5841 ι.
1286 5802 1325 5856 ῐ,
1357 5802 1386 5842 c
1440 5789 1524 5841 1οι
1556 5789 1715 5858 prius
1764 5804 1939 5860 quam

2056 3470 2271 3541 Pagius
2318 3470 2635 3525 Eusebium
2671 3470 2945 3542 alligasse
2984 3469 3249 3525 Natalem
3285 3468 3497 3524 Christi
3551 3484 3705 3523 anno

2054 3559 2291 3613 Juliano
2317 3560 2405 3624 43,
2440 3560 2780 3631 Dionysium
2814 3577 2945 3615 vero
2976 3576 3129 3615 anno
3159 3560 3249 3627 46,
3285 3574 3453 3613 nemo
3506 3556 3702 3628 ipsum

2054 3649 2271 3714 audiet,
2307 3649 2449 3720 quin
2482 3649 2592 3703 sibi
2621 3652 2970 3721 persuadeat
2992 3649 3254 3705 Natalem
3278 3647 3489 3705 Christi
3518 3651 3700 3703 Euse-

2055 3736 2296 3792 bianum
2348 3738 2518 3793 annis
2568 3739 2757 3794 tribus
2808 3738 3231 3810 Dionysianum
3279 3740 3519 3794 anteire.
3552 3741 3701 3792 Sane

2053 3825 2397 3883 doctissimo
2441 3827 2562 3883 viro
2594 3827 2716 3884 haec
2746 3828 2904 3901 Pagii
2939 3830 3114 3883 verba
3152 3829 3585 3899 imposuerunt,
3635 3829 3701 3880 ut

2052 3916 2312 3970 crederet
2344 3917 2496 3987 quod
2534 3918 2706 3973 modo
2739 3917 3101 3989 inquiebam,
3135 3917 3410 3988 quodque
3443 3915 3569 3986 ipse
3614 3914 3697 3969 ita

2049 4003 2355 4074 exposuit:
2391 4005 2637 4061 Eusebio
2661 4023 2843 4062 anexo
2875 4005 2929 4061 a1
2960 4008 3070 4062 aﬁo
3091 4006 3345 4078 primero
3375 4004 3445 4060 de
3465 4002 3695 4059 Christo

2049 4092 2102 4147 al
2136 4098 2245 4147 aﬁo
2275 4094 2344 4147 43
2370 4094 2624 4161 Juliano,
2661 4113 2696 4167 y
2726 4095 3002 4167 Dionysio
3030 4094 3200 4160 0146,
3234 4095 3329 4150 27
3367 4109 3534 4148 como
3566 4091 3693 4145 dize

2048 4182 2183 4253 Pagi
2214 4199 2284 4236 en
2321 4182 2373 4236 la
2401 4183 2636 4238 dissert.
2668 4184 2757 4239 del
2782 4185 3018 4255 periodo
3052 4185 3426 4248 ercorom.,
3451 4197 3591 4237 num
3621 4181 3692 4233 78

2046 4287 2081 4340 y
2110 4271 2200 4323 79.
2224 4272 2307 4324 En
2342 4273 2535 4326 fuerza
2567 4274 2635 4327 de
2668 4278 2789 4328 esto
2822 4273 2991 4343 elque
3012 4273 3083 4327 de
3114 4272 3202 4327 los
3229 4274 3372 4328 aﬁos
3403 4271 3475 4327 de
3506 4270 3691 4325 Abra-

2052 4358 2163 4413 han
2191 4359 2387 4429 quiera
2419 4376 2583 4416 sacar
2612 4360 2699 4417 los
2733 4363 2805 4417 de
2849 4362 3099 4428 Christo,
3134 4378 3318 4432 segun
3366 4378 3471 4415 nos
3503 4367 3690 4414 ostros

2050 4447 2137 4502 los
2184 4451 2509 4518 contamos,
2542 4467 2603 4505 se
2635 4450 2710 4505 ha
2740 4451 2810 4505 de
2852 4450 3202 4506 diferenciar
3230 4467 3301 4506 en
3342 4455 3460 4505 tres
3494 4449 3696 4503 uuida-

2052 4536 2173 4603 des,
2196 4540 2305 4591 etc.
2340 4559 2367 4586 »
2402 4537 2689 4609 Deceptus
2712 4546 2801 4595 est
2829 4540 2916 4593 vir
2946 4539 3018 4594 cl.
3040 4539 3281 4610 Pagium
3305 4538 3525 4610 legens,
3549 4541 3604 4591 et
3625 4553 3694 4591 ex

2049 4642 2113 4680 eo
2148 4625 2344 4680 hausit
2368 4626 2632 4683 Natalem
2656 4628 2869 4684 Christi
2892 4628 3291 4685 Eusebianum
3314 4628 3504 4682 tribus
3523 4624 3693 4680 annis

2050 4714 2468 4787 Dionysiauum
2525 4723 2885 4787 praevertere.
2936 4719 3131 4787 Neque
3178 4718 3271 4772 his
3321 4717 3479 4772 stetit
3510 4731 3690 4770 error.

2052 4804 2291 4858 Factum
2324 4806 2532 4861 exinde
2563 4812 2650 4861 est
2681 4812 2745 4861 ut
2773 4807 2895 4863 hinc
2915 4807 3076 4862 labes
3110 4807 3165 4861 in
3193 4822 3402 4860 novam
3423 4802 3695 4860 Cbronici

2049 4894 2376 4948 Editionem
2429 4896 2501 4950 ab
2545 4896 2673 4969 ipso
2730 4904 2992 4952 ornatam
3047 4896 3427 4950 derivaretur.
3496 4892 3695 4962 Neque

2049 4983 2207 5038 enim
2227 4985 2738 5041 animadvertitvir
2752 4986 3131 5041 doctissimus
3148 4984 3560 5053 Hieronymum
3578 4996 3694 5034 non

2051 5073 2314 5143 potuisse
2363 5075 2539 5130 ﬁnem
2573 5075 2857 5132 Chronico
2890 5092 2997 5130 suo
3050 5075 3348 5144 imponere
3379 5069 3695 5125 Abrahami

2051 5179 2202 5217 anno
2223 5164 2385 5232 2395,
2418 5164 2773 5235 imposuisse
2804 5182 2931 5220 vers
2966 5180 3119 5218 anno
3150 5162 3311 5215 2394.
3345 5159 3487 5213 Vide
3520 5158 3694 5228 infra,

2051 5268 2109 5305 n.
2128 5253 2199 5306 26
2220 5256 2275 5306 et
2292 5270 2452 5324 seqq.
2479 5255 2625 5318 Quin
2650 5253 2844 5320 etiam,
2868 5253 3022 5324 quod
3048 5250 3212 5304 valde
3237 5247 3569 5303 mirandum
3586 5252 3698 5317 est,

2053 5340 2286 5412 Pagius,
2312 5345 2410 5413 qui
2444 5344 2500 5397 in
2526 5343 2684 5398 hunc
2707 5358 2960 5399 errorem
2990 5341 3245 5395 Florium
3270 5337 3522 5405 induxit,
3562 5354 3696 5392 eum

2050 5428 2178 5500 ipse
2211 5448 2320 5485 non
2357 5434 2678 5499 contraxit;
2719 5450 2853 5487 nam
2888 5430 3057 5485 Idatii
3088 5427 3419 5484 Chronicon
3447 5426 3519 5481 ab
3548 5443 3699 5481 anno

2049 5518 2368 5573 Abrahami
2389 5522 2529 5577 2395
2551 5521 2797 5576 exordiri
2820 5519 3153 5576 existimare
3180 5534 3241 5572 se
3263 5514 3539 5580 ostendit,
3564 5530 3700 5568 cum

2051 5623 2202 5663 anno
2234 5613 2367 5679 post
2392 5611 2522 5681 ejus
2555 5611 2789 5666 initium
2828 5614 2987 5665 sexto
3020 5624 3239 5663 annum
3265 5606 3408 5660 2400
3425 5602 3699 5658 ascribat.

2119 5699 2208 5753 21.
2229 5702 2295 5754 At
2320 5700 2550 5771 Pagius,
2576 5701 2827 5771 inquies,
2850 5700 3045 5757 eodem
3070 5697 3168 5753 illo
3191 5697 3314 5753 loco
3338 5693 3699 5752 contrarium

2056 5802 2333 5859 expresse
2400 5792 2598 5846 docuit
2644 5808 2776 5845 nam
2837 5788 3134 5861 conceptis
3199 5785 3392 5842 verbis
3450 5780 3631 5837 edixit
3688 5794 3702 5833 :
