4156 6320
424 482 525 536 691

1274 474 1623 530 ADDENDA
1664 477 1759 528 AD
1798 470 2142 539 QUOSDAM
2180 468 2721 523 PRECEDENTES
2757 469 3015 524 TOMOB.

3730 456 3841 511 692

430 605 649 661 Constat
696 603 995 658 Eusebium
1045 617 1223 656 annos
1254 601 1670 655 Incarnalzonis
1706 599 1925 653 lrennio
1953 598 2079 649 ante
2107 594 2159 658 Α
2192 606 2359 645 secus
2393 607 2458 645 ac
2507 589 2936 663 Olympiadicos
2966 609 2996 646 a
3025 587 3306 646 Januario
3337 584 3572 642 initium
3626 583 3846 636 ducere

432 710 615 751 aerum
650 695 1048 765 Dionysianam
1071 690 1570 747 inchoare.Audioe
1600 686 2081 760 quidem.Verum

436 785 769 841 diversitate
804 783 904 837 illa
934 798 1223 837 annorum
1254 779 1713 835 Eusebianorum
1749 783 1802 832 et
1824 775 2085 830 Juliano-

436 891 569 931 rum
602 872 899 927 distentus
944 870 1028 925 ita
1070 870 1445 939 scriptionem
1488 886 1654 923 suam
1689 867 1983 930 obscurat,
2022 866 2087 918 ut

435 966 561 1036 ipse
586 960 911 1034 pugnantia
936 959 1096 1029 loqui
1120 958 1406 1023 videatur,
1432 956 1889 1025 etlector,cujus
1913 954 2086 1008 modo

438 1050 704 1119 memini,
738 1066 928 1120 neque
961 1047 1255 1116 indoctus,
1291 1064 1478 1119 neque
1506 1046 1842 1117 indiligens,
1876 1043 2088 1112 quique

439 1160 474 1197 a
504 1138 677 1211 Pugio
710 1138 779 1193 de
814 1138 982 1192 initio
1021 1154 1309 1192 annorum
1344 1137 1741 1191 Idatianorum
1791 1132 2088 1199 dissentit,

440 1246 590 1301 quos
621 1244 735 1283 non
770 1228 840 1281 ab
876 1226 1133 1291 Octobri,
1167 1226 1265 1280 sed
1300 1244 1333 1280 a
1361 1225 1642 1281 Januario
1676 1224 1854 1278 ﬂuere
1887 1220 2089 1293 Opina-

440 1322 565 1383 tur,
598 1316 656 1369 in
699 1330 953 1370 errorem
1000 1318 1235 1385 propter
1265 1315 1459 1385 ipsum
1511 1312 1715 1384 lapsus
1755 1313 1848 1367 sit.
1888 1312 2091 1380 Itaque

443 1407 630 1462 uthos
644 1404 918 1475 scopulos
944 1405 1185 1458 evitaret
1207 1404 1767 1475 Hieronymus(nam
1791 1399 2093 1456 verissime

443 1496 599 1551 idem
635 1493 847 1567 Pagius
876 1494 1012 1548 alibi
1042 1493 1277 1565 scripsit
1310 1494 1492 1565 [Ibid.]
1519 1512 1536 1548 :
1559 1482 1927 1548 Periodorum
1946 1489 2091 1543 mul-

445 1585 723 1657 tiplicatio
772 1586 1055 1638 memoriae
1105 1585 1396 1653 animoque
1445 1599 1673 1637 onerosa
1711 1581 1835 1652 est),
1872 1580 2003 1634 licet
2033 1578 2093 1632 in

445 1674 732 1731 Chronico
768 1672 996 1728 Eusebii
1034 1689 1217 1727 annos
1246 1672 1719 1727 Abrahamiticos
1752 1670 1824 1724 ab
1857 1672 2093 1723 autum-

446 1782 521 1819 no
553 1765 836 1818 deductos
866 1762 1155 1817 invenerit
1188 1764 1201 1831 (
1239 1762 1387 1833 quod
1423 1762 1521 1818 28
1555 1762 1614 1815 in
1649 1760 2095 1831 praesentiarum

448 1850 595 1907 nihil
618 1851 823 1905 attinet
846 1855 1146 1920 quaarere),
1168 1867 1266 1905 eos
1290 1854 1466 1921 atque
1489 1850 1663 1904 etiam
1691 1845 2097 1919 imperatorios

449 1957 586 1996 cum
608 1940 859 1995 Julianis
878 1943 935 1994 et
962 1938 1234 1993 civilibus
1250 1939 1419 1993 annis
1450 1935 2097 2006 Romanorum,quibus
2133 1980 2180 2044 B

456 2031 781 2086 Chronicon
816 2028 957 2083 illud
995 2029 1265 2083 Latinum
1290 2029 1555 2095 faciebat,
1582 2028 1910 2097 quibusque
1938 2026 2103 2096 igno-

459 2125 584 2176 rata
615 2124 737 2174 erat
768 2119 1039 2190 Syrorum
1076 2135 1261 2173 annos
1294 2117 1535 2186 putandi
1569 2117 1737 2184 ratio,
1770 2133 1803 2171 a
1828 2116 2103 2170 Januario

453 2208 769 2275 inchoavit,
806 2224 876 2262 ne
901 2207 1113 2277 triplici
1148 2207 1384 2279 periodo
1437 2206 1617 2262 altera
1648 2204 1984 2271 Abrahami,
2018 2202 2106 2257 al-

455 2304 581 2355 tera
602 2296 987 2368 Olympiadis,
1010 2296 1183 2351 tertia
1218 2296 1469 2367 denique
1483 2296 1836 2367 principum,
1853 2308 2102 2364 quarum

451 2385 1062 2458 unaquaequedlverso
1076 2402 1139 2440 ac
1152 2384 1264 2441 alio
1280 2402 1479 2441 mense
1492 2402 1677 2440 annos
1689 2402 1828 2440 suos
1842 2382 2105 2454 auspica-

453 2480 636 2546 retur,
663 2476 945 2531 lectorum
969 2475 1198 2530 animos
1214 2475 1503 2530 obrueret.
1526 2475 1700 2530 Porro
1724 2478 2011 2544 quantum
2031 2471 2105 2526 si-

451 2566 511 2620 bi
532 2566 925 2636 Hieronymus
948 2564 1262 2620 indulserit
1288 2564 1343 2618 in
1368 2565 1645 2620 vertendo
1668 2562 1902 2619 Eusebii
1922 2561 2101 2616 Chro-

460 2657 590 2711 nico
617 2654 855 2710 disertis
878 2654 1003 2726 ipse
1024 2654 1218 2709 verbis
1240 2654 1298 2708 in
1322 2654 1659 2726 praefatione
1684 2654 1981 2725 professus
2014 2654 2104 2706 est

462 2745 604 2800 dum
634 2742 714 2799 ait
746 2759 808 2799 se
838 2759 966 2799 esse
988 2747 1045 2798 et
1070 2743 1405 2815 interpretis
1426 2747 1483 2798 et
1514 2743 1817 2815 scriptoris
1846 2758 1914 2797 ex
1937 2745 2101 2812 parte

457 2831 651 2888 ofﬁcio
684 2848 879 2888 usum.
903 2830 1112 2886 Idatim
1138 2836 1332 2885 autem
1360 2831 1778 2903 Hieronymum
1802 2832 2099 2885 imitatum

452 2920 636 2976 fuisse
665 2924 785 2975 tam
821 2918 962 2973 mihi
992 2923 1213 2974 certum
1240 2924 1347 2989 est,
1375 2924 1439 2974 ut
1460 2919 1787 2976 Chronicon
1810 2919 2100 2988 Graecum,

454 3008 624 3080 quale
643 3010 714 3064 ab
736 3007 987 3064 Eusebio
1014 3008 1249 3079 prodiit,
1278 3025 1351 3064 ne
1382 3009 1619 3080 quidem
1640 3008 1850 3081 legisse
1876 3012 2097 3081 putem.

812 3099 840 3166 §
869 3098 991 3152 VII.
1026 3102 1104 3153 De
1133 3099 1296 3153 annis
1320 3097 1741 3169 Olympiadicis.

2192 680 2347 750 apud
2382 680 2693 736 Eusebium
2730 686 2785 735 et
2820 680 3066 736 Idatium
3111 678 3377 734 dixerim.
3412 676 3555 730 Nam
3591 676 3841 744 praeter-

2191 786 2367 838 quam
2401 772 2557 839 quod
2588 770 2646 824 id
2672 771 2947 825 evincunt
2975 768 3238 840 exempla
3261 764 3532 839 superius
3564 762 3845 829 adducta,

2192 861 2466 913 annusab
2483 865 2767 915 autumno
2792 858 3243 931 iniens,qualem
3266 854 3636 926 vultPagius,
3656 852 3843 923 Syris,

2193 951 2255 1001 ut
2287 948 2505 1002 dictum
2533 953 2641 1017 est,
2671 952 2899 1003 tantum
2923 947 2980 1002 in
3008 964 3116 1002 usu
3143 950 3288 1013 erat,
3310 943 3544 1014 illisque
3571 938 3713 996 solis
3738 954 3844 991 no-

2191 1040 2309 1103 tus,
2347 1041 2402 1090 at
2436 1054 2628 1092 annus
2657 1036 3096 1109 Olympiadicus
3127 1036 3198 1090 ab
3229 1038 3425 1089 aestate
3447 1029 3757 1101 incipiens,
3787 1030 3848 1080 et

2191 1123 2251 1178 in
2280 1131 2539 1181 aestatem
2566 1143 2717 1182 anno
2733 1117 3673 1198 consequentidesinens,cunctis
3697 1132 3846 1189 gen-

2193 1213 2376 1280 tibus,
2410 1232 2527 1287 qua
2555 1214 2668 1271 late
2701 1216 2943 1287 patebat
2979 1215 3313 1270 Romanum
3346 1208 3684 1283 imperium,
3719 1208 3851 1260 erat

2196 1304 2565 1373 notissimus;
2600 1310 2778 1377 atque
2811 1306 2883 1361 ab
2915 1305 3196 1360 omnibus
3238 1320 3357 1358 una
3398 1302 3723 1370 eademque
3754 1313 3849 1351 ra-

2198 1392 2357 1448 tione
2381 1395 2720 1464 putabatur.
2746 1396 3113 1466 Quapropter
3134 1391 3356 1463 aequale
3369 1388 3599 1446 errandi
3626 1384 3856 1460 pericu-

2196 1480 2321 1536 lum
2346 1482 2667 1539 lectoribus
2689 1488 3010 1550 crearetur,
3034 1483 3081 1538 si
3106 1499 3297 1538 annus
3327 1478 3766 1553 Olympiadicus
3790 1475 3855 1529 in

2197 1570 2272 1625 Ch
2283 1574 2505 1628 ronicon
2518 1572 2770 1628 insertus
2783 1578 2933 1629 esset
2948 1590 3069 1629 cum
3085 1589 3156 1629 an
3169 1570 3271 1628 noJ
3284 1569 3475 1625 uliano
3488 1566 3657 1638 parili
3670 1580 3859 1620 cursu

2202 1660 2390 1717 ﬂuens
2425 1680 2602 1733 quam
2641 1664 2686 1717 si
2722 1663 3000 1719 inductus
3033 1667 3189 1718 esset
3218 1676 3408 1716 annus
3454 1654 3856 1713 Abrahamiti-

2200 1766 2306 1805 cus
2353 1768 2485 1806 cum
2520 1756 2792 1824 Syrorum
2846 1752 2996 1807 civili
3029 1769 3182 1808 anno
3214 1752 3547 1807 decurrens.
3587 1746 3693 1801 Sed
3733 1744 3859 1799 haec

2202 1845 2361 1894 certa
2384 1841 2619 1897 cunctis
2650 1859 2780 1897 esse
2812 1842 3041 1897 debent.
3068 1841 3307 1897 Silentio
3337 1844 3533 1893 tamen
3561 1852 3629 1890 ea
3651 1838 3859 1905 prete-

2211 1930 2324 1983 rire
2359 1930 2519 1985 nolui
2554 1936 2790 2001 propter
2818 1931 3063 2002 Pagium
3093 1934 3151 1985 et
3182 1929 3460 1994 Florium,
3484 1921 3859 1998 quorumille

2214 2034 2399 2074 annos
2430 2020 2868 2092 Olympiadicos
2900 2021 2970 2075 ab
2997 2018 3361 2088 Octebri,hic
3382 2034 3415 2073 a
3442 2014 3719 2072 Januario
3745 2028 3863 2067 uu—

2213 2109 2524 2163 merandos
2555 2125 2684 2164 esse
2715 2110 2773 2163 in
2808 2113 3004 2164 nostro
3031 2108 3313 2163 Chronico
3334 2107 3567 2172 docent,
3598 2119 3734 2158 cum
3757 2116 3868 2156 eos

2213 2214 2247 2251 a
2279 2213 2481 2252 mense
2509 2196 2665 2253 Julio
2696 2198 2922 2253 ldatius
2958 2196 3283 2253 certissime
3314 2193 3654 2266 auspicatus
3686 2192 3784 2247 sit.

2215 2304 2316 2359 30
2345 2306 2375 2377 §
2408 2304 2558 2361 VIlI.
2596 2306 2762 2373 Quoto
2793 2305 3094 2377 Abrahami
3134 2320 3279 2377 anno
3309 2302 3521 2359 Idalias
3555 2299 3871 2356 Chronicon

2845 2376 3183 2432 inchoaverit
3201 2376 3229 2430 ‘l

2281 2465 2371 2519 24.
2398 2466 2564 2521 Nunc
2579 2470 2775 2522 autem
2791 2466 3071 2537 quoniam
3090 2482 3217 2538 quae
3230 2465 3534 2535 hucusque
3548 2462 3705 2519 dicta
3718 2464 3873 2517 sunt.

2211 2553 2280 2609 de
2309 2554 2480 2610 initio
2516 2557 2653 2610 anni
2685 2554 3094 2627 Olympiadici,
3127 2556 3316 2626 deque
3346 2552 3505 2608 illius
3536 2557 3659 2607 tam
3697 2551 3864 2622 apud

2207 2647 2435 2701 Graecos
2468 2661 2645 2712 quam
2681 2646 2833 2717 apud
2870 2645 3107 2701 Latinos
3130 2644 3533 2716 usurpatione,
3563 2646 3700 2698 nota
3715 2644 3871 2696 sunt.

2210 2743 2365 2813 apud
2416 2758 2646 2811 omnes,
2678 2742 2864 2799 solius
2894 2742 3194 2798 Censorini
3223 2740 3630 2797 testimonium
3670 2738 3867 2794 addu-

2208 2848 2362 2900 cam,
2384 2834 2594 2900 nonjut
2614 2848 2735 2888 rem
2770 2832 3075 2888 indubiam
3098 2832 3464 2897 conﬁrmem,
3489 2830 3589 2885 sed
3618 2832 3684 2884 ut
3701 2845 3774 2884 ex
3794 2844 3869 2884 eo

2209 2921 2279 2976 ad
2315 2938 2535 2977 annum
2572 2922 2834 2994 primum
2867 2928 2921 2978 et
2941 2922 3218 2978 ultimum
3241 2920 3481 2977 auctarii
3503 2919 3750 2976 Idatiani
3772 2918 3872 2974 in-

2212 3010 2563 3082 quirendum
2588 3017 2985 3068 transeamus.
3011 3011 3192 3083 Igitur
3212 3010 3568 3067 Censorinus
3596 3027 3610 3066 :
3634 3009 3735 3064 Hic
3754 3026 3874 3063 an-

2207 3115 2339 3164 nus,
2374 3100 2475 3167 ait,
2508 3102 2664 3169 cuius
2692 3102 2838 3156 velut
2862 3100 3031 3156 index
3058 3108 3109 3155 et
3136 3099 3333 3155 titulus
3362 3099 3590 3171 quidam
3615 3106 3695 3154 est
3719 3098 3879 3168 Ulpii

526 3188 614 3245 22.
649 3192 725 3243 De
756 3187 849 3242 his
880 3185 1048 3243 aliter
1078 3203 1143 3242 ac
1176 3188 1245 3241 de
1280 3187 1736 3243 Ahrahamiticis
1766 3191 1823 3243 et
1844 3187 2099 3259 impera-
2203 3188 2541 3243 eiPontiam'
2563 3189 2986 3257 consulalus,ab
3000 3187 3319 3260 Olympiade
3331 3187 3874 3260 primamillesimus

452 3279 620 3334 toriis
639 3279 1017 3335 statuendum
1034 3282 1142 3349 est,
1166 3279 1692 3350 incunctanterque
1715 3279 2097 3335 asserendum
2204 3286 2281 3331 est
2309 3284 2360 3331 et
2391 3278 2455 3331 14
2485 3293 2558 3332 ex
2577 3276 2769 3335 diebus
2800 3282 3015 3333 tantum
3046 3276 3474 3348 wstatis,quibus
3505 3293 3643 3347 agon
3677 3276 3875 3348 Olym-

450 3368 770 3425 Eusebium
789 3410 803 3437 ,
830 3368 1249 3438 Hieronymum
1275 3372 1332 3423 et
1354 3368 1605 3423 Idalium
1631 3369 1829 3425 aestivo
1852 3367 2103 3439 tempori
2136 3350 2178 3416 C
2213 3366 2369 3437 picus
2399 3368 2723 3423 celebratur.
2780 3368 2819 3423 A
2854 3369 3021 3423 Roma
3050 3371 3233 3423 autem
3284 3367 3503 3422 condita
3530 3366 3630 3421 991
3660 3370 3714 3421 et
3743 3367 3875 3437 qui-

453 3457 865 3531 Olympiadum
881 3458 1113 3513 initium
1136 3458 1610 3530 alligasse,idque
1632 3459 1892 3530 ipsarum
1909 3458 2075 3531 Olym
2089 3486 2110 3499 -

454 3548 695 3618 piadum
727 3547 920 3619 positu
955 3552 1135 3617 atque
1167 3546 1616 3618 consignatione
1648 3552 1922 3602 testatum
1976 3546 2110 3601 reli-

467 3636 692 3708 quisse.
710 3637 1075 3708 Quapropter
1097 3636 1153 3689 in
1177 3635 1496 3691 novissima
1517 3637 1685 3691 Idatii
1710 3638 1975 3692 Editione
1997 3653 2111 3692 non

460 3731 616 3782 recte
646 3726 867 3781 factum
900 3725 1155 3797 est,dum
1178 3726 1315 3781 anni
1348 3725 1728 3798 Olympiadici
1762 3743 1893 3782 cum
1928 3727 2109 3781 Abrav

462 3815 760 3871 hamiticis
782 3820 839 3870 et
863 3814 1255 3886 imperatoriis
1277 3832 1345 3870 ex
1364 3831 1532 3885 {equo
1563 3816 2113 3886 conferuntur;qua-

466 3906 518 3962 si
550 3905 632 3960 illi
667 3921 777 3961 non
814 3921 985 3961 secus
1013 3922 1077 3960 ac
1110 3904 1205 3959 isti
1239 3923 1271 3960 a
1300 3905 1581 3960 Januario
1601 3905 1949 3961 numerandi
1973 3906 2112 3960 sint.

466 3996 592 4053 Non
643 3996 725 4052 ita
757 3997 1013 4068 proiecto
1061 3996 1442 4051 connectendi
1480 3996 1711 4051 fuerunt
1747 3995 1807 4051 in
1829 3995 2114 4051 Chronico

463 4087 677 4142 harum
725 4084 1080 4157 epocharum
1115 4083 1275 4152 anni,
1326 4085 1427 4139 sed
1459 4089 1619 4141 sexto
1668 4088 2117 4157 praeterpropter

470 4192 671 4233 mense
702 4176 771 4230 ab
798 4174 965 4229 initio
995 4178 1051 4228 et
1083 4173 1197 4229 ﬁne
1221 4172 1468 4229 aliorum
1494 4174 1751 4246 incipere
1772 4179 1828 4230 et
1852 4173 2117 4230 desinere

468 4266 792 4321 debuerant
841 4263 1250 4335 Olympiadici.
1308 4264 1368 4318 Id
1420 4282 1525 4320 nos
1575 4266 1741 4321 docet
1787 4263 2117 4319 clarissime

467 4352 714 4417 Idalius,
744 4352 884 4406 dum
911 4352 968 4404 in
993 4351 1257 4407 Editione
1282 4353 1711 4424 Sirmondiana,
1737 4370 2114 4425 quaexpres-

469 4458 532 4497 sa
562 4444 652 4497 est
695 4439 865 4495 unico
898 4440 1003 4494 Ms.
1049 4440 1203 4510 quod
1237 4446 1524 4512 superest,
1576 4442 1981 4514 Olympiadem
2011 4442 2117 4495 290

472 4548 588 4587 non
621 4546 651 4586 e
672 4530 906 4601 regione
930 4528 1068 4587 anni
1098 4528 1484 4597 2Theodosii,
1517 4533 1616 4586 sed
1648 4533 1891 4587 inferius
1924 4532 2116 4586 medio

475 4620 679 4690 utique
724 4618 915 4689 spatio
948 4616 1103 4672 inter
1147 4620 1255 4673 Zet
1283 4618 1316 4672 3
1339 4620 1409 4673 ad
1441 4622 1467 4688 §
1495 4621 1851 4677 Alexandria:
1873 4622 1970 4677 29
1997 4620 2115 4676 ins-

2217 3456 2337 3510 dem
2367 3473 2400 3511 a
2420 3458 2712 3523 Palilibus,
2744 3457 2889 3513 unde
2912 3458 3070 3514 Urbis
3090 3459 3227 3512 anni
3250 3459 3636 3513 numerantur.
3662 3456 3875 3511 Earum

2223 3562 2349 3601 vero
2382 3562 2656 3601 annorum
2685 3548 2884 3617 quibus
2912 3548 3160 3603 Iulianis
3190 3562 3388 3602 nomen
3418 3555 3516 3613 est,
3539 3545 3644 3600 283
3672 3545 3765 3600 sed
3796 3562 3877 3601 ea:

2217 3634 2307 3689 die
2336 3636 2458 3689 Kal.
2486 3638 2777 3691 Januarii.
2830 3635 2959 3690 Haec
3002 3636 3376 3692 Censorinus.
3428 3636 3508 3690 Ex
3539 3635 3761 3707 quibus
3793 3633 3869 3688 li-

2219 3724 2395 3794 quide
2444 3729 2671 3780 constat
2718 3741 3005 3780 annorum
3056 3725 3590 3797 Olympiadicorum
3626 3723 3868 3779 initium

2218 3812 2591 3884 allegandum
2640 3814 2824 3870 fuisse
2853 3814 2923 3869 ab
2956 3814 3306 3887 Hieronymo
3359 3820 3415 3869 et
3445 3814 3626 3870 [datio
3659 3812 3875 3868 diebus

2220 3901 2462 3970 aestatis,
2485 3920 2557 3957 ne
2582 3918 2794 3958 novam
2825 3908 3001 3973 atque
3021 3902 3373 3959 insolentem
3400 3919 3498 3958 eos
3522 3902 3881 3959 numerandi

2220 3989 2513 4044 rationem
2530 3990 2587 4045 in
2605 3991 2932 4046 Chronicon
2947 3991 3249 4047 inferrent.
3264 3994 3451 4059 Atque
3464 3991 3674 4047 exinde
3695 3991 3809 4046 etia
3822 4008 3881 4047 ω

2221 4082 2614 4137 demonstrari
2649 4098 2819 4153 posse
2843 4083 3113 4138 existimo
3134 4083 3549 4156 Hieronymum
3576 4098 3823 4139 manum
3849 4100 3885 4139 a

2220 4170 2503 4226 Chronico
2537 4172 2849 4227 sustulisse
2873 4188 3026 4227 anno
3049 4172 3357 4228 Abrahami
3388 4174 3549 4238 2394,
3571 4171 3884 4244 Olympia-

2221 4260 2312 4314 dis
2342 4260 2448 4314 289
2464 4278 2617 4316 anno
2640 4259 2832 4327 tertio,
2850 4276 3052 4316 mense
3073 4260 3255 4332 hujus
3282 4261 3687 4317 sextulabente
3703 4260 3884 4316 Chris

2221 4349 2261 4404 ti
2296 4366 2453 4419 vero,
2498 4350 2673 4420 juxta
2702 4349 3045 4419 Eusebium,
3097 4351 3243 4418 380;
3279 4356 3701 4423 proptereaque
3742 4349 3884 4404 Ida-

2220 4440 2388 4509 tium,
2413 4440 2513 4512 qui
2543 4440 2812 4512 sequenti
2849 4457 3002 4496 anno
3025 4441 3315 4497 calamum
3346 4440 3660 4514 applicavit
3682 4440 3884 4496 eidem

2223 4530 2507 4587 Chronico
2540 4530 2964 4597 continuando,
2989 4531 3336 4602 consignare
3358 4532 3417 4586 in
3434 4529 3722 4587 vestibulo
3736 4546 3885 4602 ope-

2226 4621 2304 4676 ris
2337 4620 2427 4675 sui
2453 4620 2725 4676 debuisse
2744 4636 2962 4674 annum
2986 4620 3304 4675 Abrahami
3328 4621 3488 4687 2395,
3512 4619 3887 4692 Olympiadis

475 4709 699 4782 cripsit.
736 4708 899 4774 Quod
932 4705 1154 4777 reliquo
1188 4707 1463 4780 deinceps
1515 4710 1797 4766 Chronico
1830 4711 2001 4767 toties
2031 4726 2118 4765 re-
2147 4713 2195 4779 D
2228 4710 2514 4782 praedictae
2533 4708 2909 4764 annumitem
2932 4708 2988 4776 3,
3009 4707 3244 4776 Christi,
3269 4710 3317 4765 si
3342 4709 3445 4765 hac
3467 4708 3889 4782 epochajuxta

472 4800 645 4865 tinet,
685 4797 911 4870 quoties
943 4796 1321 4853 librariorum
1354 4799 1581 4854 incuria
1619 4800 1969 4870 depravatus
2002 4816 2116 4854 non

477 4893 586 4945 est.
622 4888 683 4942 In
718 4902 830 4959 quo
860 4885 1177 4941 Eusebium
1209 4893 1265 4941 et
1291 4888 1707 4959 Hieronymum
1741 4892 1975 4944 secutus
2010 4892 2119 4955 est,

477 4977 577 5051 qui
594 4978 650 5032 in
670 4977 772 5033 hoc
790 4975 901 5047 ipsi
926 4975 1333 5047 praeviverunt.
1350 4977 1495 5032 Nam
1510 4978 1792 5034 Eusebius
1807 4978 1998 5034 inter7
2018 4981 2073 5033 et
2089 4978 2123 5031 8

478 5065 817 5123 Diocletiani
851 5070 908 5120 et
931 5064 1083 5119 inter
1108 5065 1131 5118 1
1158 5069 1215 5119 et
1238 5069 1273 5119 2
1294 5068 1681 5137 Constantini,
1704 5084 1888 5123 annos
1911 5065 2120 5138 aquati

481 5158 552 5213 ab
576 5156 887 5226 utriusque
908 5152 1235 5225 intervallo,
1261 5155 1632 5229 Olympiadas
1656 5158 1760 5213 268
1782 5162 1839 5213 et
1861 5158 1968 5211 272
1985 5174 2122 5212 con-

481 5245 757 5317 signavit.
810 5243 1200 5315 Hieronymus
1232 5246 1409 5301 etiam
1442 5247 1594 5303 inter
1617 5265 1801 5304 annos
1856 5248 2121 5318 ejusdem

481 5334 844 5392 Constantini
879 5335 949 5388 25
977 5337 1034 5388 et
1061 5334 1130 5389 26
1158 5338 1333 5405 atque
1369 5337 1429 5390 11
1464 5341 1521 5391 et
1555 5337 1621 5391 12
1640 5336 1902 5393 Valentis
1932 5336 2125 5408 Olym-

482 5425 686 5497 piades
707 5425 812 5477 288
829 5422 1335 5494 et289inscripsit.
1361 5424 1620 5480 Plurima
1634 5433 1772 5481 sunt
1786 5425 2122 5495 hujusmodi

483 5512 880 5584 exemplatoto
913 5512 1873 5583 sparsaChronico,Venetiisanno
1908 5516 2043 5570 1483
2070 5520 2127 5569 et

478 5602 718 5660 Basileai
748 5617 900 5656 anno
924 5601 1061 5657 1529
1088 5601 1375 5673 impresso
1395 5602 1875 5658 Sedistatantum
1905 5603 2126 5675 placuit

476 5693 769 5751 adducere
796 5705 917 5761 quae
952 5689 1179 5745 nullum
1212 5690 1557 5763 relinquunt
1587 5691 2125 5764 vitilitigationibus

476 5784 695 5841 locum.

548 5872 635 5929 23.
653 5870 768 5927 Nec
785 5867 988 5925 mirari
1006 5868 1179 5925 debet
1192 5867 1376 5927 lector
1388 5870 1437 5926 si
1458 5885 1643 5927 annos
1660 5870 2125 5928 Abrahamiticos

2229 4798 2465 4853 Eusebii
2498 4797 2831 4869 opinionem
2874 4813 3019 4851 usus
3050 4796 3279 4865 fuisset,
3311 4815 3531 4854 annum
3561 4798 3689 4854 381.

2305 4889 2398 4943 31
2437 4889 2529 4942 25.
2580 4889 2777 4957 Itaque
2829 4903 3049 4941 annum
3083 4903 3258 4958 quem
3309 4892 3395 4943 tot
3441 4887 3892 4944 characteribus

2232 4977 2497 5048 designat
2514 4975 2865 5032 Censorinus
2885 4990 2952 5030 eu
2965 4976 3155 5031 mdem
3171 4993 3297 5033 esse
3313 4993 3444 5032 cum
3463 4994 3617 5035 anno
3632 4978 3739 5033 238
3755 4995 3890 5033 aera:

2231 5066 2493 5138 vulgaris
2511 5070 2825 5121 autumant
2847 5064 2955 5120 hoc
2977 5069 3238 5136 tempore
3259 5065 3523 5138 plerique
3546 5083 3771 5123 omnes.
3801 5069 3891 5122 Ab

2234 5175 2299 5213 eo
2336 5161 2526 5211 autem
2561 5171 2714 5210 anno
2748 5170 2936 5224 usque
2968 5155 3036 5209 ad
3074 5155 3249 5210 ﬁnem
3283 5156 3549 5212 Chronici
3596 5155 3895 5225 Hierony-

2238 5247 2418 5302 miani
2453 5263 2555 5301 cxx.
2584 5244 2723 5300 anni
2748 5248 3175 5311 numerantur;
3210 5245 3502 5316 siquidem
3528 5245 3671 5301 illud
3695 5246 3899 5300 ﬁnivit

2236 5335 2542 5393 consulatu
2577 5333 2838 5389 Valentis
2870 5350 2923 5388 vr
2946 5332 3402 5390 etValentiniani
3426 5336 3759 5406 juniorisu,
3783 5336 3899 5407 qui

2238 5442 2457 5482 annum
2493 5441 2619 5479 ωιτη)
2650 5422 3017 5494 Dionysianaa
3039 5423 3145 5478 362
3176 5426 3422 5496 aperuit.
3444 5425 3625 5497 Atqui
3653 5424 3763 5481 hoc
3780 5442 3895 5481 au-

2238 5532 2311 5571 no
2342 5529 2681 5571 numerasse
2713 5528 2948 5567 necesse
2965 5517 3053 5568 est
3082 5513 3504 5587 Hieronymum
3536 5532 3805 5584 cccnxxx,
3830 5516 3894 5570 id

2238 5610 2326 5662 est
2358 5607 2505 5660 duos
2528 5602 2784 5675 amplius
2816 5619 3001 5659 annos
3029 5619 3206 5674 quam
3230 5603 3566 5677 Dionysius,
3598 5609 3901 5677 quotquot

2239 5696 2309 5750 ab
2380 5695 2549 5749 initio
2608 5711 2721 5748 aera
2782 5690 2998 5747 Christi
3069 5692 3403 5749 Eusebiana
3476 5693 3895 5767 Dionysianam

2240 5785 2562 5841 antevertil.
2624 5782 2899 5853 Quisquis
2948 5797 3085 5854 ergo
3118 5783 3379 5854 antiquis
3421 5780 3898 5854 Hieronymianis

2243 5874 2517 5931 Cbronici
2551 5869 2986 5943 exemplaribus
3024 5870 3292 5943 credidit,
3323 5872 3383 5927 in
3433 5870 3649 5943 quibus
3692 5884 3898 5927 annua
