4156 6320
307 403 427 458 697

1144 409 1244 461 AD
1280 410 1505 463 IDATII
1541 406 1863 462 EPISOOPI
1899 401 2309 459 CHRONICON
2348 405 2905 462 PROLBGOMENA.

3618 400 3726 455 698

307 528 557 601 quinam
579 526 639 584 in
664 527 901 585 Oriente
929 529 1201 585 consules
1232 530 1549 586 renuntiati
1574 530 1840 594 fuissent,
1869 544 1963 599 pe-
1996 528 2049 592 A
2080 531 2186 595 An,
2218 531 2370 586 sicut
2414 532 2485 585 de
2528 529 2934 585 consulatibus
2984 544 3165 600 supra
3217 526 3465 593 aiebam,
3500 526 3725 582 Idatius

311 617 475 673 nitus
516 615 829 689 ignoravit.
863 620 987 673 Imo
1014 619 1165 674 etde
1195 618 1499 675 consulatu
1550 617 1771 690 Olybrii
1821 614 1966 671 nihil

307 723 443 762 cum
458 705 573 762 nisi
588 706 815 778 aliquot
830 712 961 779 post
975 725 1162 764 annos
1196 709 1491 764 audivisse
1504 709 1754 763 videtur.
1770 705 1966 777 Siqui-

310 797 441 852 dem
482 797 669 852 Fastis
701 797 993 868 ascriptus
1022 803 1112 853 est
1140 798 1235 854 his
1268 799 1460 854 verbis
1493 815 1505 853 :
1541 799 1671 853 Ι)ῆο
1714 797 1967 868 Olybrio.

309 890 387 940 Ex
413 902 528 957 quo
556 885 861 959 colligitur
911 888 1285 943 consulatum
1318 887 1474 943 hunc
1506 888 1853 943 adnotatum
1889 885 1966 940 ibi

308 990 422 1028 non
448 974 633 1030 fuisse
656 979 791 1031 ante
819 992 1037 1032 annum
1066 977 1192 1045 472,
1225 993 1359 1031 cum
1384 980 1555 1032 antea
1578 973 1852 1047 Olybrius
1879 990 1966 1028 re-

307 1063 617 1118 nuntiatus
650 1065 749 1119 89
783 1081 896 1120 non
932 1064 1452 1138 fueritAugustus,
1481 1070 1544 1120 ut
1571 1066 1825 1119 dominus
1851 1060 1967 1117 dici

305 1158 525 1224 posset.
540 1152 625 1208 Ob
642 1170 767 1209 eam
784 1154 1012 1226 epochze
1029 1156 1311 1227 principis
1334 1154 1713 1211 emissionem
1738 1168 1965 1208 errores

302 1239 489 1312 aliqui
514 1241 571 1297 in
597 1242 887 1298 lsidorum
908 1244 1128 1302 etalios
1152 1244 1397 1300 derivati
1421 1248 1579 1309 sunt,
1606 1241 1892 1313 nobisque
1907 1244 1965 1296 et

304 1331 480 1386 annis
536 1331 746 1387 Leonis
776 1332 829 1399 9,
866 1332 932 1386 10
956 1338 1013 1388 et
1047 1334 1106 1387 11
1151 1332 1347 1389 locum
1380 1333 1438 1387 in
1469 1332 1755 1389 Chronico
1805 1346 1962 1402 quae-

302 1420 494 1485 rendi,
520 1424 577 1476 et
607 1438 827 1476 annum
851 1423 885 1476 8
909 1422 965 1477 in
1000 1439 1169 1478 suam
1202 1424 1400 1479 sedem
1434 1420 1765 1488 revocandi,
1800 1418 1964 1475 labor

299 1508 544 1566 relictus
576 1515 685 1567 est.
708 1513 780 1567 At
810 1529 943 1568 cum
972 1513 1029 1568 in
1058 1514 1244 1569 Fastis
1276 1513 1621 1570 consulatus
1641 1508 1959 1575 Anthemii,

305 1599 410 1671 qui
440 1616 656 1656 nomen
706 1601 868 1657 dedit
915 1619 1068 1659 anno
1100 1620 1227 1658 mra:
1262 1603 1628 1676 Dionysianse
1657 1601 1783 1666 468,
1816 1602 1872 1655 et
1901 1600 1960 1653 in

297 1687 588 1745 Chronico
614 1690 823 1746 tertius
854 1691 1029 1747 etiam
1063 1692 1328 1763 ejusdem
1350 1689 1649 1747 Anthemii
1668 1686 1959 1762 principa-

305 1781 405 1833 tus
424 1795 640 1849 annus,
661 1779 762 1850 qui
794 1780 854 1833 in
880 1797 1103 1836 annum
1135 1781 1345 1836 incidit
1375 1781 1498 1851 469,
1524 1778 1785 1835 adnotati
1819 1776 1956 1839 sint,

2076 624 2280 676 Severo
2311 624 2573 693 Augusto
2606 627 2859 684 mortuo,
2890 618 3226 687 dubiusque
3264 633 3334 671 an
3388 616 3499 670 Leo
3550 616 3723 670 etiam

2075 713 2203 763 tum
2231 710 2288 764 in
2322 710 2556 764 Oriente
2579 708 2958 776 viveret,illas
2990 706 3604 776 omiserit,posteaque
3633 703 3722 758 vel

2074 797 2199 868 ipse
2228 799 2449 853 Idatius
2472 797 2557 853 vel
2584 797 2734 852 alius
2758 814 2942 851 annos
2964 795 3261 850 Anthemii
3287 792 3723 863 adjecerit,quis

2075 888 2339 943 divinet?
2372 888 2609 943 Interim
2638 892 2826 943 tamen
2854 888 3040 958 major
3062 883 3490 939 nobislibertas
3522 881 3723 937 relicta

2073 995 2202 1034 esse
2225 978 2449 1033 vi'letur
2481 978 2790 1033 ordinandi
2826 982 2990 1032 notas
3024 974 3464 1046 chronologicas
3497 973 3553 1027 in
3590 989 3720 1044 pos-

2071 1073 2259 1123 tremo
2284 1065 2550 1122 Chronici
2586 1065 3009 1139 quinquennio,
3037 1068 3232 1136 utpote
3256 1080 3402 1134 quas
3425 1080 3538 1118 non
3563 1067 3717 1116 certo

2072 1160 2297 1210 constat
2320 1156 2390 1209 ab
2413 1155 2596 1210 Idatio
2619 1171 2765 1210 esse.
2792 1154 3006 1208 Verum
3039 1152 3147 1206 hac
3177 1168 3281 1223 ego
3312 1149 3580 1205 libertate
3605 1163 3718 1203 non

2073 1247 2223 1311 utar,
2250 1245 2361 1299 nisi
2396 1245 2453 1299 in
2488 1243 2659 1300 annis
2691 1245 2745 1310 8,
2768 1243 2915 1311 9,10
2945 1248 3002 1298 et
3032 1243 3092 1296 11
3131 1240 3334 1297 Leonis
3366 1238 3717 1310 digerendis,

2068 1330 2307 1389 intactis
2336 1334 2569 1405 penitus
2588 1333 2681 1389 bis
2699 1334 2851 1389 notis
2883 1349 3012 1404 qua:
3037 1346 3222 1386 annos
3257 1327 3549 1383 Anthemii
3574 1327 3720 1382 refe-

2069 1425 2228 1478 runt.

2192 1515 2286 1567 41
2326 1516 2351 1581 §
2380 1515 2482 1568 XI.
2512 1514 2588 1568 De
2615 1514 2811 1578 Fastis,
2843 1516 2893 1568 et
2920 1514 3067 1583 quod
3093 1514 3203 1566 sint
3236 1507 3405 1565 Idatii
3433 1523 3583 1578 opus.

2138 1601 2227 1658 35.
2251 1601 2511 1658 Alterum
2548 1602 2716 1658 Idatii
2746 1619 2915 1675 opus,
2938 1607 3003 1656 ut
3027 1617 3131 1673 ego
3155 1600 3378 1670 opinor,
3400 1596 3555 1652 Fasti
3578 1599 3717 1651 sunt

2067 1692 2429 1763 consulares,
2463 1694 2563 1765 qui
2598 1694 2655 1748 in
2699 1693 3104 1763 manuscripto
3148 1690 3353 1745 Codice
3404 1686 3715 1741 Parisiensi

2066 1782 2349 1837 Chronico
2381 1782 2642 1853 adjunpti
2674 1787 2831 1837 sunt.
2866 1783 2976 1836 Eos
3023 1782 3159 1835 dum
3213 1780 3411 1834 ederet
3455 1775 3713 1847 ingentis

306 1869 565 1938 profecto
595 1886 665 1925 ex
693 1886 783 1937 eo,
806 1871 1178 1942 maximeque
1209 1887 1277 1926 ex
1302 1870 1645 1943 Olympiade
1673 1868 1797 1931 3l2,
1833 1882 1954 1921 ses-
1988 1884 2033 1949 Β
2066 1869 2341 1925 doctrinae
2390 1870 2476 1925 vir
2502 1872 2869 1938 Sirmondus,
2896 1870 2976 1924 ita
3000 1870 3273 1940 praefatus
3303 1870 3393 1921 est
3424 1882 3436 1919 :
3478 1870 3584 1920 Hos
3612 1865 3714 1917 Fa-

303 1956 567 2026 quianno
585 1962 721 2014 ante
738 1958 916 2015 ﬁnem
935 1958 1205 2016 Chronici
1230 1959 1556 2014 etiamnum
1589 1955 1960 2027 consignata,

308 2044 618 2103 historiam
647 2048 704 2102 in
732 2064 798 2104 eo
828 2049 1113 2105 contineri
1161 2050 1473 2105 deducitur
1520 2063 1805 2105 annorum
1840 2058 1953 2111 χοι,

308 2135 383 2190 ab
406 2152 559 2191 anno
581 2137 803 2194 scilicet
817 2139 924 2194 379
944 2139 1017 2195 ad
1041 2138 1173 2209 469;
1207 2155 1343 2195 nam
1376 2143 1691 2209 utrumque
1710 2138 1956 2194 Cbroni-

307 2237 416 2277 con
449 2224 844 2296 amplectitur.

377 2313 468 2367 34.
492 2315 676 2385 Atque
707 2314 827 2370 haec
859 2315 1097 2387 quidem
1131 2315 1213 2371 ita
1242 2316 1556 2372 statuenda
1585 2319 1745 2379 sunt.
1770 2331 1955 2387 quan-

306 2401 618 2474 docunque
651 2409 803 2460 nota:
846 2404 1180 2461 numerales
1212 2405 1368 2461 ultra
1398 2405 1556 2460 hunc
1585 2421 1808 2461 annum
1840 2421 1957 2460 non

306 2496 648 2548 excurrunt.
680 2495 949 2550 Attamen
984 2512 1117 2550 cum
1168 2496 1226 2550 in
1276 2496 1392 2550 ﬁne
1422 2495 1690 2551 Chronici
1719 2494 1959 2565 Asparis

301 2581 700 2638 exauctoratio
713 2583 939 2655 ﬁliique
952 2584 1081 2653 ejus
1096 2585 1280 2640 caedes
1296 2593 1847 2654 memorentur,quas
1860 2600 1959 2639 an-

302 2671 492 2726 110471
510 2678 851 2743 evenerunt,
871 2689 986 2728 non
1008 2678 1227 2729 temere
1251 2672 1533 2745 scriptum
1560 2678 1649 2730 est
1669 2673 1742 2727 ab
1766 2672 1957 2729 erudi-

302 2760 537 2816 tissimo
559 2761 783 2817 habbeo
816 2762 1013 2834 (Praef.
1040 2761 1102 2817 in
1123 2764 1271 2818 Fast.
1301 2763 1471 2831 Idat.,
1498 2767 1540 2818 t.
1573 2764 1598 2818 ι
1625 2779 1748 2818 nov.
1786 2762 1956 2833 Bibl.)

298 2849 630 2905 Cbronicon
653 2850 814 2906 istud
836 2851 907 2906 ab
933 2868 1087 2907 anno
1110 2869 1235 2907 aras
1266 2852 1613 2908 Christianas
1634 2853 1739 2906 379
1760 2852 1830 2907 ad
1851 2868 1955 2906 an-

299 2955 446 2994 num
478 2939 745 3010 ejusdem
778 2957 901 2996 eam
933 2942 1031 2995 471
1067 2941 1393 2997 decurrere.
1413 2941 1628 2997 Verum
1660 2958 1729 2997 ea
1759 2942 1828 2996 de
1849 2945 1954 2996 As-

302 3046 443 3100 pare
473 3036 531 3086 et
562 3031 681 3087 tilio
712 3032 805 3087 vix
833 3033 1082 3089 dubium
1136 3038 1245 3101 est,
1278 3033 1421 3105 quin
1454 3040 1588 3106 post
1616 3032 1954 3090 absolutum

304 3119 637 3175 Cbronicon
677 3121 751 3176 ab
785 3122 968 3178 Idatio
1002 3126 1104 3178 aut
1134 3124 1206 3179 ab
1237 3122 1352 3178 alio
1400 3122 1651 3195 margini
1701 3122 1957 3195 ascripta

300 3208 545 3280 fuerint,
578 3216 889 3282 posteaque
932 3212 1153 3268 librarii
1187 3212 1381 3285 operis
1410 3212 1707 3268 contextui
1740 3212 1951 3268 intule-
1984 3254 2028 3322 C

302 3296 418 3322 _:_L
479 3300 790 3322 n---.l---_-
827 3302 890 3322 -J
928 3302 1209 3322 !_!_I__A_-__
1256 3303 1457 3322 _an.'_-_1
1523 3303 1650 3322 ,ιη-Α
1694 3302 1764 3322 -21
1796 3318 1807 3322 -
1845 3302 1928 3322 l.)_

300 3296 442 3353 rint.
478 3300 644 3364 Quod
662 3316 797 3356 vero
823 3302 894 3356 ad
927 3302 1218 3357 Isidorum
1251 3303 1481 3369 attinet,
1516 3303 1657 3357 dum
1688 3302 1809 3358 ait:
1836 3302 1956 3357 Ida-

298 3389 415 3449 tius
435 3388 503 3443 ab
523 3405 670 3445 anno
698 3390 876 3460 primo
910 3392 1196 3447 Theodosii
1218 3393 1448 3461 Augusti
1474 3407 1646 3464 usque
1665 3392 1725 3446 in
1746 3408 1957 3447 annum

300 3476 535 3548 imperii
556 3479 750 3534 Leonis
777 3482 811 3535 8
839 3481 1196 3553 subjunctam
1219 3480 1477 3552 sequitur
1506 3480 1801 3538 historiam
1829 3481 1959 3549 (Ubi

297 3567 523 3639 supra),
549 3572 777 3624 certum
810 3570 983 3627 nobis
1012 3588 1140 3627 esse
1169 3571 1342 3626 debet
1375 3570 1526 3625 ultra
1556 3570 1765 3626 Leonis
1796 3571 1829 3624 8
1858 3586 1959 3625 an-

300 3671 446 3711 num
478 3656 711 3712 nullum
738 3657 946 3729 alium,
966 3675 1155 3731 neque
1174 3659 1362 3730 ipsius
1389 3658 1598 3714 Leonis
1632 3674 1819 3730 neque
1841 3660 1958 3713 An-

300 3743 918 3819 themii,designatum
940 3747 1236 3804 invenisse
1256 3764 1391 3803 eum
1417 3747 1475 3803 in
1497 3746 1955 3803 Cbronico.Nam

299 3839 617 3907 postquam
635 3852 703 3891 ea
715 3837 1033 3908 scripserat
1051 3839 1124 3893 de
1146 3838 1352 3904 Idatio,
1377 3853 1446 3893 ex
1466 3836 1655 3909 ipsius
1675 3837 1959 3894 Chronico

298 3926 405 3981 40
453 3924 633 3980 verba
690 3925 1031 3983 describens
1080 3928 1244 3999 (Hist.
1293 3926 1503 3999 60th.),
1534 3925 1726 3999 inquit
1759 3943 1772 3982 :
1803 3929 1958 3985 Anno

298 4013 529 4086 imperii
548 4014 746 4071 Leonis
767 4015 824 4083 8,
848 4017 1083 4073 Euricus
1099 4018 1230 4088 pari
1249 4032 1353 4088 quo
1367 4017 1542 4087 frater
1556 4017 1761 4073 scelere
1779 4032 1960 4074 succe-

297 4102 380 4157 dit
410 4104 471 4157 in
499 4119 690 4171 regno.
717 4103 833 4159 Ista
860 4109 1054 4160 autem
1089 4105 1369 4176 leguntur
1397 4121 1555 4162 nunc
1585 4105 1642 4160 in
1676 4105 1959 4162 Chronico

296 4192 371 4249 ad
399 4208 625 4248 annum
652 4193 677 4248 1
701 4192 1024 4260 Anthemii,
1049 4194 1150 4264 qui
1174 4193 1384 4250 Leonis
1413 4198 1538 4249 erat
1564 4194 1651 4250 11.
1673 4200 1805 4250 Haec
1826 4211 1959 4251 vero

298 4277 440 4345 alia,
476 4295 604 4349 quae
635 4297 703 4336 ex
732 4281 934 4337 eodem
960 4283 1147 4339 Idatio
1205 4283 1483 4339 exscribit
1520 4284 1689 4355 (Hist.
1720 4284 1909 4355 Suev.)
1945 4300 1957 4340 :

299 4368 616 4441 Olysipona
644 4387 859 4443 quoque
880 4372 947 4427 ab
969 4387 1031 4428 eo
1054 4374 1108 4444 (a
1130 4388 1264 4444 rege
1280 4372 1625 4444 Suevorum)
1642 4377 1961 4445 occupatur,

295 4462 422 4517 cive
439 4476 562 4528 suo,
584 4463 684 4533 qui
703 4462 794 4518 illi
812 4468 1077 4535 praerat,
1093 4463 1345 4520 tradente
1364 4462 1604 4533 Lusidio,
1620 4464 1966 4535 consignata

297 4568 463 4607 nunc
495 4555 637 4607 sunt
660 4569 837 4625 prope
860 4554 1035 4610 linem
1060 4553 1331 4610 Chronici
1354 4554 1425 4609 ad
1450 4571 1673 4610 annum
1696 4554 1960 4611 3Anthe-

298 4641 430 4697 mii.
467 4642 550 4697 Ex
579 4641 673 4697 bis
713 4648 908 4699 autem
953 4643 1225 4699 omnibus
1274 4644 1389 4699 duo
1438 4644 1699 4716 proiecto
1750 4644 1957 4699 deduci

298 4747 482 4803 posse
494 4730 794 4788 videntur:
818 4733 872 4787 1°
894 4732 1185 4789 Isidorum
1216 4738 1427 4788 cuncta
1452 4750 1579 4806 quae
1595 4733 1651 4788 in
1670 4733 1957 4790 Chronico

301 4837 465 4876 nunc
498 4818 789 4877 habentur
819 4838 1009 4894 usque
1038 4823 1108 4877 ad
1141 4822 1263 4878 haec
1294 4822 1497 4878 saltem
1532 4822 1707 4878 verba
1740 4840 1753 4878 :
1789 4822 1964 4893 01ῃεί-

297 4925 450 4981 pona
465 4925 698 4981 quoque,
720 4914 855 4978 etc.,
880 4928 1007 4983 quae
1038 4912 1110 4968 ad
1145 4928 1365 4968 annum
1395 4910 1697 4967 Anthemii
1726 4912 1782 4982 3,
1815 4911 1960 4967 Leo-

303 4999 401 5056 nis
424 4998 517 5068 43,
540 5016 666 5055 aera:
689 5000 1026 5057 communis
1056 5001 1160 5056 469
1191 5001 1503 5073 pertinent,
1526 5000 1775 5070 vidisse;
1808 5004 1868 5059 2o
1900 5001 1960 5055 in

302 5087 627 5160 exemplari
680 5106 798 5163 quo
839 5090 1102 5147 Isidorus
1129 5107 1275 5147 usus
1303 5095 1393 5147 est
1422 5091 1631 5147 Leonis
1662 5093 1695 5146 8
1724 5094 1959 5146 tantum

301 5178 856 5246 annum,Anthemii
881 5196 1012 5235 vero
1036 5179 1277 5236 omnino
1305 5180 1959 5251 nullumconsignatum

302 5267 510 5336 fuisse;
535 5266 797 5340 alioquin
812 5268 864 5325 si
890 5269 1218 5326 Cbronicon
1243 5270 1314 5325 ad
1342 5286 1562 5325 annum
1586 5285 1768 5341 usque
1789 5270 1823 5324 3
1842 5271 1958 5324 An-

301 5356 511 5413 themii
544 5357 885 5428 deductum,
920 5363 973 5416 et
1006 5359 1282 5415 Euricum
1331 5376 1483 5416 anno
1534 5358 1724 5431 ipsius
1768 5358 1957 5431 primo

300 5449 649 5518 regnantem
686 5446 921 5520 legeret,
953 5448 1301 5519 neutiquam
1335 5448 1674 5520 scripsisset
1704 5448 1955 5504 Idatium

300 5551 492 5608 usque
524 5536 595 5592 ad
628 5536 663 5590 8
693 5535 1061 5595 solummodo
1092 5553 1315 5593 annum
1342 5536 1654 5595 historiam
1686 5541 1955 5593 secutum

302 5624 865 5696 fuisse,etEuricum
888 5628 1093 5685 eodem
1117 5630 1320 5683 octavo
1342 5643 1496 5684 anno
1521 5643 1766 5700 regnum
1791 5626 1952 5683 inva-

304 5716 473 5773 sisse.
498 5716 609 5773 Sed
623 5734 698 5774 an
724 5717 1078 5776 librariusin
1091 5716 1409 5789 exemplari
1437 5719 1591 5790 quod
1615 5716 1825 5774 habuit
1846 5717 1956 5773 Isi-

304 5804 488 5862 dorus
518 5803 753 5862 itlorum
773 5822 1059 5865 annorum
1090 5809 1258 5865 notas
1288 5802 1506 5863 oblitus
1523 5806 1602 5863 sit
1620 5802 1952 5864 ascribere?

2064 1968 2173 2013 stos
2203 1959 2480 2015 Idatianos
2525 1960 2954 2026 nominavimus,
2988 1976 3096 2015 non
3123 1966 3233 2012 tam
3263 1955 3401 2027 quod
3432 1957 3491 2009 in
3522 1952 3708 2008 eodem

2067 2047 2259 2105 Codice
2307 2049 2475 2105 ldatii
2523 2049 2790 2105 Chronico
2835 2050 3242 2118 subiiciantur;
3290 2062 3454 2117 quam
3501 2042 3707 2115 quod...

2064 2136 2292 2210 reliqua
2320 2138 2473 2195 infra
2501 2139 2674 2195 dabo.
2696 2138 2912 2195 Verum
2945 2140 3099 2211 quod
3134 2137 3193 2191 hi
3224 2134 3380 2191 Fasti
3424 2130 3710 2188 Chronico

2065 2228 2235 2283 ldatii
2258 2229 2468 2299 adjecti
2490 2229 2629 2297 sint,
2656 2228 2880 2283 nullum
2902 2226 3156 2283 auctoris
3173 2241 3386 2282 nomen
3409 2222 3713 2295 praeferen-

2065 2319 2175 2381 tes,
2208 2334 2321 2374 non
2370 2322 2492 2374 tam
2533 2317 2655 2373 leve
2685 2333 2862 2390 quam
2897 2316 3208 2373 Sirmondo
3242 2314 3429 2369 visum
3462 2315 3573 2381 est,
3606 2308 3707 2365 sed

2065 2407 2260 2477 potius
2290 2424 2463 2479 grave
2495 2407 2639 2462 mihi
2670 2407 2901 2463 videtur
2933 2409 3347 2477 argumentum
3378 2402 3595 2457 idcirco
3626 2399 3710 2454 ita

2066 2496 2455 2568 factum,quia
2476 2496 2770 2568 integrum
2787 2496 2928 2551 illud
2945 2491 3489 2564 volumen,qualein
3505 2488 3712 2546 Codice

2063 2583 2164 2639 illo
2211 2585 2385 2641 etiam
2436 2602 2593 2641 nunc
2639 2590 2868 2641 exstare
2912 2584 3146 2650 dicitur,
3179 2600 3248 2637 ex
3279 2576 3712 2636 Idatiiofﬁcina

2066 2674 2733 2747 prodiit,pr0ptereaque
2756 2675 3010 2730 auctoris
3034 2689 3245 2729 nomen
3265 2670 3383 2726 illis
3402 2668 3707 2726 subditum

2065 2780 2181 2819 non
2198 2764 2854 2837 fuisse,quiaprzefixum
2871 2765 2997 2836 jam
3022 2764 3209 2819 fuerat
3233 2756 3706 2826 iuitioCbronici,

2065 2855 2219 2925 quod
2246 2855 2537 2924 praecedit.

2134 2944 2224 2998 36.
2255 2943 2431 2999 Porro
2457 2947 2657 2999 Fastos
2689 2944 2793 2999 bos
2815 2944 2941 3014 jam
2973 2942 3109 2997 inde
3140 2941 3212 2997 ab
3243 2944 3479 2997 auctore
3510 2956 3616 2995 suo
3650 2938 3709 2994 in

2064 3048 2200 3089 eum
2232 3033 2519 3099 Codicem,
2552 3033 2723 3104 cujus
2752 3033 3045 3102 exemplar
3074 3029 3316 3087 Parisiis
3355 3033 3710 3093 asservatur,

2065 3120 2306 3178 collatos
2328 3122 2615 3192 Iuisse,ea
2637 3122 2892 3193 profecto
2915 3120 3214 3177 declarant
3234 3135 3361 3190 qua:
3384 3117 3466 3172 ibi
3486 3117 3708 3172 haben-

2066 3214 2163 3266 tur
2183 3211 2489 3268 consulatu
2514 3211 2642 3268 Veri
2666 3226 2727 3267 ιιι
2752 3218 2804 3265 et
2826 3210 3126 3276 Quadrati,
3149 3208 3373 3265 scilicet
3405 3223 3419 3261 :
3453 3207 3514 3262 In
3546 3205 3713 3261 Claro-

2062 3302 2188 3356 nico
2217 3317 2402 3373 passos
2417 3300 2615 3370 legis...
2642 3304 2869 3363 (caetera
2898 3298 3191 3355 truncavit
3216 3296 3537 3362 librarius).
3562 3293 3708 3349 Nam

2060 3392 2316 3448 auctoris
2329 3390 2549 3447 laudati
2564 3389 2831 3446 Chronici
2848 3405 3059 3445 nomen
3074 3405 3109 3444 a
3121 3391 3419 3443 Fastorum
3436 3386 3712 3456 scriptore

2062 3481 2392 3536 necessario
2419 3479 2847 3551 designandum
2874 3478 3080 3547 fuerat,
3097 3476 3210 3533 nisi
3232 3474 3281 3532 si
3305 3476 3458 3531 idem
3475 3473 3713 3530 Chroni-

2062 3585 2167 3625 con
2193 3569 2381 3625 Fastis
2412 3569 2880 3640 praepositum,et
2909 3568 2967 3622 in
2990 3583 3057 3623 eo
3088 3564 3344 3623 auctoris
3377 3563 3469 3619 sui
3499 3577 3711 3619 nomen

2060 3674 2405 3729 expressum
2459 3662 2603 3713 erat.
2653 3659 2762 3712 Sed
2812 3673 3055 3729 prorsus
3107 3655 3456 3728 inscriptum
3482 3652 3561 3708 ibi
3594 3654 3717 3707 erat

2060 3746 2299 3803 Eusebii
2328 3762 2539 3803 nomen
2569 3746 2818 3818 ejusque
2857 3745 3206 3813 Cbronicon,
3240 3744 3299 3800 in
3331 3760 3469 3815 quo,
3503 3741 3573 3796 ad
3608 3758 3711 3795 an-

2062 3853 2206 3893 num
2239 3836 2313 3892 M.
2347 3835 2548 3893 Aurel.
2579 3834 2861 3892 Antonini
2888 3836 2943 3905 7,
2976 3834 3078 3906 qui
3106 3833 3189 3889 illi
3222 3832 3553 3889 consulatui
3614 3846 3713 3885 re-

2061 3927 2334 3999 spondet,
2372 3926 2494 3983 htee
2552 3925 2831 3999 leguntur
2863 3942 2877 3982 :
2911 3924 3297 3981 Persecutione
3325 3930 3444 3977 orta
3475 3922 3535 3975 in
3563 3919 3715 3988 Asia,

2060 4016 2400 4088 Polycarpus
2412 4021 2461 4072 et
2476 4015 2713 4073 Pionius
2720 4018 2902 4088 fecere
2918 4012 3350 4086 martyriumJn
3365 4010 3523 4066 hunc
3533 4008 3659 4064 locu
3670 4024 3721 4062 ω

2062 4110 2358 4163 auctorem
2382 4110 2691 4162 Fastorum
2724 4104 2924 4162 oculos
2954 4104 3279 4159 intendisse
3310 4100 3537 4156 nullum
3571 4096 3715 4152 mibi

2061 4195 2312 4251 dubium
2334 4195 2634 4268 est.Atqui
2667 4194 2825 4251 hunc
2856 4209 3078 4249 morem
3109 4192 3380 4248 observat
3398 4188 3718 4253 Idatius,ut

2065 4285 2382 4340 Eusebium
2422 4285 2673 4357 appellet
2720 4284 2897 4340 tacito
2946 4283 3138 4356 ipsius
3188 4282 3444 4337 nomine.
3477 4283 3625 4334 Nam
3655 4275 3717 4332 in

2064 4373 2304 4446 prologo
2326 4375 2399 4429 ad
2424 4373 2902 4442 Chronicon,sub
2924 4372 3043 4428 illis
3055 4370 3245 4427 verbis
3265 4371 3392 4427 :42
3413 4370 3477 4424 In
3502 4383 3719 4440 przrce-

2063 4462 2216 4519 dcnti
2243 4478 2430 4534 opere,
2455 4467 2513 4519 et
2538 4464 2595 4518 in
2618 4462 2747 4535 ipso
2779 4462 2957 4518 etiam
2988 4459 3420 4530 Cbronico,sub
3441 4456 3568 4513 his:
3593 4457 3719 4511 Post

2064 4551 2359 4623 praedictos
2381 4553 2642 4619 Arianos,
2664 4551 3062 4608 Eusebianum
3084 4548 3406 4605 Cbronicon
3431 4547 3503 4602 ab
3522 4545 3718 4600 Hiero-

2070 4658 2245 4713 nymo
2277 4646 2517 4697 auctum
2541 4641 2828 4714 designat.
2850 4641 2999 4696 Hinc
3030 4656 3146 4695 non
3175 4645 3392 4694 temere
3424 4641 3481 4692 et
3512 4635 3715 4691 Fastos

2068 4735 2127 4785 et
2146 4730 2466 4787 Cbronicon
2497 4731 2766 4802 ejusdem
2798 4730 3053 4787 auctoris
3083 4745 3231 4800 opus
3262 4743 3391 4783 esse
3422 4723 3712 4785 existimo,

2070 4824 2129 4876 et
2172 4820 2244 4876 ab
2294 4821 2498 4876 eodem
2546 4820 2605 4877 in
2656 4837 2839 4876 unum
2896 4818 3170 4876 volumen
3228 4832 3360 4873 cum
3418 4811 3718 4869 Chronicis

2070 4910 2306 4966 Eusebii
2364 4914 2539 4982 atque
2598 4908 2933 4982 Hieronymi
2979 4911 3191 4964 cuncta
3235 4903 3414 4963 simul
3456 4900 3719 4971 conjecta

2070 5000 2272 5056 fuisse.

2139 5090 2228 5145 37.
2259 5089 2503 5159 Verum,
2537 5089 2789 5160 inquies,
2824 5089 2882 5143 in
2911 5087 3117 5143 iisdem
3148 5083 3334 5140 Fastis
3367 5078 3709 5153 martyrium

2069 5178 2439 5252 Polycarpiet
2456 5179 2650 5236 Pionis
2672 5177 3084 5249 consignatum
3108 5190 3286 5246 supra
3304 5172 3557 5242 legimus
3579 5186 3713 5225 con-

2069 5268 2287 5337 sulatu,
2312 5274 2378 5324 ut
2399 5268 2480 5324 ibi
2502 5268 2733 5337 dicitur,
2766 5265 3043 5323 Antonini
3064 5282 3101 5319 v
3122 5269 3178 5321 et
3196 5260 3413 5319 Aurelii
3445 5258 3709 5316 Cesaris.

2070 5360 2154 5414 Ita
2196 5374 2372 5427 sane;
2425 5359 2525 5415 sed
2560 5375 2628 5414 ea
2658 5375 2776 5413 una
2804 5356 2966 5412 labes
2997 5359 3086 5411 est
3114 5370 3183 5410 ex
3214 5351 3416 5408 multis
3447 5366 3574 5422 qua:
3606 5349 3713 5404 hos

2068 5447 2271 5503 Fastos
2288 5447 2874 5520 inquinavere.Porro
2888 5458 3137 5516 magnus
3151 5441 3459 5505 Baronius,
3474 5441 3538 5496 in
3559 5438 3715 5494 notis

2069 5537 2140 5592 ad
2185 5536 2661 5609 Martyrologium
2691 5536 2761 5590 26
2788 5533 3075 5603 Januarii,
3108 5533 3230 5589 haec
3276 5532 3349 5588 de
3395 5528 3712 5602 Polycarpo

2068 5625 2274 5682 scribit
2332 5642 2345 5681 :
2404 5631 2606 5682 Passus
2657 5628 2759 5692 est,
2809 5633 2872 5681 ut
2916 5624 3115 5679 scribit
3166 5623 3451 5689 Eusebius,
3500 5616 3711 5674 anno?

2064 5715 2133 5771 Μ.
2168 5714 2362 5772 Aurel.
2395 5715 2679 5771 Antonini
2697 5719 2750 5771 et
2769 5715 2931 5770 Lucii
2956 5712 3096 5784 Veri,
3116 5728 3251 5770 coss.
3284 5712 3449 5767 Lucio
3477 5704 3707 5764 Aurelio

2065 5805 2291 5861 tertium
2313 5812 2363 5861 et
2380 5800 2685 5873 Quadrato.
2700 5803 2889 5871 Quare
2905 5800 3247 5876 martyrium
3270 5798 3420 5858 istud
3446 5792 3704 5870 primum
