  <div class='ocr_page' id='page_1' title='image "/cluster/home/n/w/nwhite01/storage/ocr_20150623/74/hvd.32044054758784/355.png"; bbox 0 0 4156 6320; ppageno 0'>
   <div class='ocr_carea' id='block_1_1' title="bbox 514 441 622 496">
    <p class='ocr_par' dir='ltr' id='par_1_1' title="bbox 514 441 622 496">
     <span class='ocr_line' id='line_1_1' title="bbox 514 441 622 496; baseline -0.019 0"><span class='ocrx_word' id='word_1_1' title='bbox 514 441 622 496; x_wconf 87' lang='grc'><strong>699</strong></span> 
     </span>
    </p>
   </div>
   <div class='ocr_carea' id='block_1_2' title="bbox 510 550 2243 641">
    <p class='ocr_par' dir='ltr' id='par_1_2' title="bbox 510 550 2243 641">
     <span class='ocr_line' id='line_1_2' title="bbox 510 550 2243 641; baseline -0.013 -17"><span class='ocrx_word' id='word_1_2' title='bbox 510 567 756 641; x_wconf 90' lang='lat' dir='ltr'><strong>optime,</strong></span> <span class='ocrx_word' id='word_1_3' title='bbox 800 564 1000 634; x_wconf 80' lang='lat' dir='ltr'><strong>utpote</strong></span> <span class='ocrx_word' id='word_1_4' title='bbox 1031 561 1102 616; x_wconf 91' lang='lat' dir='ltr'><strong>ab</strong></span> <span class='ocrx_word' id='word_1_5' title='bbox 1136 558 1323 614; x_wconf 88' lang='lat' dir='ltr'><strong>Idatio</strong></span> <span class='ocrx_word' id='word_1_6' title='bbox 1352 558 1481 630; x_wconf 92' lang='lat' dir='ltr'><strong>ipso</strong></span> <span class='ocrx_word' id='word_1_7' title='bbox 1513 558 1621 613; x_wconf 91' lang='lat' dir='ltr'><strong>sub</strong></span> <span class='ocrx_word' id='word_1_8' title='bbox 1653 556 1747 612; x_wconf 91' lang='lat' dir='ltr'><strong>his</strong></span> <span class='ocrx_word' id='word_1_9' title='bbox 1777 572 1929 611; x_wconf 91' lang='lat' dir='ltr'><strong>coss.</strong></span> <span class='ocrx_word' id='word_1_10' title='bbox 1963 550 2159 609; x_wconf 89' lang='lat' dir='ltr'><strong>consi-</strong></span> <span class='ocrx_word' id='word_1_11' title='bbox 2190 566 2243 634; x_wconf 67' lang='grc' dir='ltr'><strong>Α</strong></span> 
     </span>
    </p>
   </div>
   <div class='ocr_carea' id='block_1_3' title="bbox 512 643 2167 730">
    <p class='ocr_par' dir='ltr' id='par_1_3' title="bbox 512 643 2167 730">
     <span class='ocr_line' id='line_1_3' title="bbox 512 643 2167 730; baseline -0.01 -18"><span class='ocrx_word' id='word_1_12' title='bbox 512 660 758 730; x_wconf 89' lang='lat' dir='ltr'><strong>gnatum</strong></span> <span class='ocrx_word' id='word_1_13' title='bbox 791 658 896 708; x_wconf 89' lang='lat' dir='ltr'><strong>est.</strong></span> <span class='ocrx_word' id='word_1_14' title='bbox 926 650 1141 706; x_wconf 89' lang='lat' dir='ltr'><strong>Deinde</strong></span> <span class='ocrx_word' id='word_1_15' title='bbox 1172 648 1482 703; x_wconf 80' lang='lat' dir='ltr'><strong>caecutiens</strong></span> <span class='ocrx_word' id='word_1_16' title='bbox 1514 646 1730 717; x_wconf 82' lang='lat' dir='ltr'><strong>aliquis</strong></span> <span class='ocrx_word' id='word_1_17' title='bbox 1762 643 2041 700; x_wconf 80' lang='lat' dir='ltr'><strong>librarius</strong></span> <span class='ocrx_word' id='word_1_18' title='bbox 2066 658 2167 696; x_wconf 81' lang='lat' dir='ltr'><strong>sex</strong></span> 
     </span>
    </p>
   </div>
   <div class='ocr_carea' id='block_1_4' title="bbox 512 732 2169 810">
    <p class='ocr_par' dir='ltr' id='par_1_4' title="bbox 512 732 2169 810">
     <span class='ocr_line' id='line_1_4' title="bbox 512 732 2169 810; baseline -0.011 -8"><span class='ocrx_word' id='word_1_19' title='bbox 512 762 697 803; x_wconf 90' lang='lat' dir='ltr'><strong>annos</strong></span> <span class='ocrx_word' id='word_1_20' title='bbox 734 743 881 797; x_wconf 91' lang='lat' dir='ltr'><strong>illud</strong></span> <span class='ocrx_word' id='word_1_21' title='bbox 917 738 1276 810; x_wconf 88' lang='lat' dir='ltr'><strong>anticipavit.</strong></span> <span class='ocrx_word' id='word_1_22' title='bbox 1314 738 1452 790; x_wconf 89' lang='lat' dir='ltr'><strong>Inde</strong></span> <span class='ocrx_word' id='word_1_23' title='bbox 1499 741 1793 807; x_wconf 89' lang='lat' dir='ltr'><strong>postremo</strong></span> <span class='ocrx_word' id='word_1_24' title='bbox 1827 732 2073 803; x_wconf 81' lang='lat' dir='ltr'><strong>contigit</strong></span> <span class='ocrx_word' id='word_1_25' title='bbox 2104 733 2169 784; x_wconf 91' lang='lat' dir='ltr'><strong>ut</strong></span> 
     </span>
    </p>
   </div>
   <div class='ocr_carea' id='block_1_5' title="bbox 518 820 2169 905">
    <p class='ocr_par' dir='ltr' id='par_1_5' title="bbox 518 820 2169 905">
     <span class='ocr_line' id='line_1_5' title="bbox 518 820 2169 905; baseline -0.012 -14"><span class='ocrx_word' id='word_1_26' title='bbox 518 836 668 892; x_wconf 88' lang='lat' dir='ltr'><strong>alius</strong></span> <span class='ocrx_word' id='word_1_27' title='bbox 699 832 992 905; x_wconf 79' lang='lat' dir='ltr'><strong>quispiam</strong></span> <span class='ocrx_word' id='word_1_28' title='bbox 1027 830 1093 884; x_wconf 89' lang='lat' dir='ltr'><strong>ad</strong></span> <span class='ocrx_word' id='word_1_29' title='bbox 1132 825 1508 883; x_wconf 88' lang='lat' dir='ltr'><strong>consulutum</strong></span> <span class='ocrx_word' id='word_1_30' title='bbox 1534 826 1663 880; x_wconf 86' lang='lat' dir='ltr'><strong>Veri</strong></span> <span class='ocrx_word' id='word_1_31' title='bbox 1688 830 1741 879; x_wconf 92' lang='lat' dir='ltr'><strong>et</strong></span> <span class='ocrx_word' id='word_1_32' title='bbox 1766 821 2043 886; x_wconf 85' lang='lat' dir='ltr'><strong>Quadrati</strong></span> <span class='ocrx_word' id='word_1_33' title='bbox 2076 820 2169 873; x_wconf 90' lang='lat' dir='ltr'><strong>his</strong></span> 
     </span>
    </p>
   </div>
   <div class='ocr_carea' id='block_1_6' title="bbox 511 910 2169 995">
    <p class='ocr_par' dir='ltr' id='par_1_6' title="bbox 511 910 2169 995">
     <span class='ocr_line' id='line_1_6' title="bbox 511 910 2169 995; baseline -0.011 -14"><span class='ocrx_word' id='word_1_34' title='bbox 511 922 825 995; x_wconf 83' lang='lat' dir='ltr'><strong>descriptis</strong></span> <span class='ocrx_word' id='word_1_35' title='bbox 848 938 859 976; x_wconf 93' lang='lat'><strong>:</strong></span> <span class='ocrx_word' id='word_1_36' title='bbox 882 923 939 976; x_wconf 87' lang='lat' dir='ltr'><strong>In</strong></span> <span class='ocrx_word' id='word_1_37' title='bbox 974 918 1359 987; x_wconf 79' lang='lat' dir='ltr'><strong>Chronico,his</strong></span> <span class='ocrx_word' id='word_1_38' title='bbox 1376 932 1530 975; x_wconf 82' lang='lat' dir='ltr'><strong>coss..</strong></span> <span class='ocrx_word' id='word_1_39' title='bbox 1556 930 1741 986; x_wconf 81' lang='lat' dir='ltr'><strong>passos</strong></span> <span class='ocrx_word' id='word_1_40' title='bbox 1769 915 1968 983; x_wconf 83' lang='lat' dir='ltr'><strong>tegis...</strong></span> <span class='ocrx_word' id='word_1_41' title='bbox 2005 910 2169 980; x_wconf 85' lang='lat' dir='ltr'><strong>Poly-</strong></span> 
     </span>
    </p>
   </div>
   <div class='ocr_carea' id='block_1_7' title="bbox 507 1002 2173 1085">
    <p class='ocr_par' dir='ltr' id='par_1_7' title="bbox 507 1002 2173 1085">
     <span class='ocr_line' id='line_1_7' title="bbox 507 1002 2173 1085; baseline -0.01 -16"><span class='ocrx_word' id='word_1_42' title='bbox 507 1014 666 1085; x_wconf 86' lang='lat' dir='ltr'><strong>carpi</strong></span> <span class='ocrx_word' id='word_1_43' title='bbox 706 1018 761 1067; x_wconf 87' lang='lat' dir='ltr'><strong>et</strong></span> <span class='ocrx_word' id='word_1_44' title='bbox 794 1010 993 1066; x_wconf 89' lang='lat' dir='ltr'><strong>Pionis</strong></span> <span class='ocrx_word' id='word_1_45' title='bbox 1042 1007 1283 1062; x_wconf 87' lang='lat' dir='ltr'><strong>nomina</strong></span> <span class='ocrx_word' id='word_1_46' title='bbox 1326 1004 1611 1071; x_wconf 84' lang='lat' dir='ltr'><strong>omiserit,</strong></span> <span class='ocrx_word' id='word_1_47' title='bbox 1645 1021 1772 1074; x_wconf 64' lang='lat' dir='ltr'><strong>qua;</strong></span> <span class='ocrx_word' id='word_1_48' title='bbox 1806 1006 1966 1057; x_wconf 87' lang='lat' dir='ltr'><strong>sexto</strong></span> <span class='ocrx_word' id='word_1_49' title='bbox 2000 1002 2173 1085; x_wconf 77' lang='lat' dir='ltr'><strong>antea</strong></span> 
     </span>
    </p>
   </div>
   <div class='ocr_carea' id='block_1_8' title="bbox 517 1075 2174 1166">
    <p class='ocr_par' dir='ltr' id='par_1_8' title="bbox 517 1075 2174 1166">
     <span class='ocr_line' id='line_1_8' title="bbox 517 1075 2174 1166; baseline -0.01 -9"><span class='ocrx_word' id='word_1_50' title='bbox 517 1102 824 1157; x_wconf 84' lang='lat' dir='ltr'><strong>consulatu</strong></span> <span class='ocrx_word' id='word_1_51' title='bbox 858 1117 923 1155; x_wconf 88' lang='lat' dir='ltr'><strong>ex</strong></span> <span class='ocrx_word' id='word_1_52' title='bbox 953 1097 1157 1153; x_wconf 89' lang='lat' dir='ltr'><strong>vitiato</strong></span> <span class='ocrx_word' id='word_1_53' title='bbox 1190 1094 1505 1166; x_wconf 86' lang='lat' dir='ltr'><strong>exemplari</strong></span> <span class='ocrx_word' id='word_1_54' title='bbox 1563 1092 1973 1162; x_wconf 80' lang='lat' dir='ltr'><strong>descripserat.</strong></span> <span class='ocrx_word' id='word_1_55' title='bbox 2008 1075 2174 1142; x_wconf 71' lang='lat' dir='ltr'><strong>Sicut</strong></span> 
     </span>
    </p>
   </div>
   <div class='ocr_carea' id='block_1_9' title="bbox 516 1176 2172 1263">
    <p class='ocr_par' dir='ltr' id='par_1_9' title="bbox 516 1176 2172 1263">
     <span class='ocr_line' id='line_1_9' title="bbox 516 1176 2172 1263; baseline -0.01 -17"><span class='ocrx_word' id='word_1_56' title='bbox 516 1189 817 1263; x_wconf 78' lang='lat' dir='ltr'><strong>Polycarpi</strong></span> <span class='ocrx_word' id='word_1_57' title='bbox 841 1194 895 1243; x_wconf 91' lang='lat' dir='ltr'><strong>et</strong></span> <span class='ocrx_word' id='word_1_58' title='bbox 924 1187 1139 1255; x_wconf 86' lang='lat' dir='ltr'><strong>Pionis,</strong></span> <span class='ocrx_word' id='word_1_59' title='bbox 1164 1184 1247 1239; x_wconf 91' lang='lat' dir='ltr'><strong>sic</strong></span> <span class='ocrx_word' id='word_1_60' title='bbox 1270 1184 1447 1239; x_wconf 90' lang='lat' dir='ltr'><strong>etiam</strong></span> <span class='ocrx_word' id='word_1_61' title='bbox 1471 1199 1627 1237; x_wconf 89' lang='lat' dir='ltr'><strong>mors</strong></span> <span class='ocrx_word' id='word_1_62' title='bbox 1650 1180 1944 1236; x_wconf 70' lang='lat' dir='ltr'><strong>ciceronis</strong></span> <span class='ocrx_word' id='word_1_63' title='bbox 1976 1177 2035 1230; x_wconf 91' lang='lat' dir='ltr'><strong>in</strong></span> <span class='ocrx_word' id='word_1_64' title='bbox 2069 1176 2172 1229; x_wconf 87' lang='lat' dir='ltr'><strong>iis-</strong></span> 
     </span>
    </p>
   </div>
   <div class='ocr_carea' id='block_1_10' title="bbox 516 1266 2178 1342">
    <p class='ocr_par' dir='ltr' id='par_1_10' title="bbox 516 1266 2178 1342">
     <span class='ocr_line' id='line_1_10' title="bbox 516 1266 2178 1342; baseline -0.011 -5"><span class='ocrx_word' id='word_1_65' title='bbox 516 1283 649 1337; x_wconf 89' lang='lat' dir='ltr'><strong>dem</strong></span> <span class='ocrx_word' id='word_1_66' title='bbox 682 1278 870 1335; x_wconf 85' lang='lat' dir='ltr'><strong>Fastis</strong></span> <span class='ocrx_word' id='word_1_67' title='bbox 901 1276 993 1333; x_wconf 88' lang='lat' dir='ltr'><strong>bis</strong></span> <span class='ocrx_word' id='word_1_68' title='bbox 1026 1277 1302 1329; x_wconf 79' lang='lat' dir='ltr'><strong>adnotata</strong></span> <span class='ocrx_word' id='word_1_69' title='bbox 1323 1278 1412 1328; x_wconf 90' lang='lat' dir='ltr'><strong>est</strong></span> <span class='ocrx_word' id='word_1_70' title='bbox 1434 1287 1627 1328; x_wconf 89' lang='lat' dir='ltr'><strong>errore</strong></span> <span class='ocrx_word' id='word_1_71' title='bbox 1656 1271 1805 1342; x_wconf 89' lang='lat' dir='ltr'><strong>pari,</strong></span> <span class='ocrx_word' id='word_1_72' title='bbox 1829 1270 1928 1324; x_wconf 91' lang='lat' dir='ltr'><strong>sed</strong></span> <span class='ocrx_word' id='word_1_73' title='bbox 1955 1266 2178 1335; x_wconf 83' lang='lat' dir='ltr'><strong>dispari</strong></span> 
     </span>
    </p>
   </div>
   <div class='ocr_carea' id='block_1_11' title="bbox 514 1361 2175 1439">
    <p class='ocr_par' dir='ltr' id='par_1_11' title="bbox 514 1361 2175 1439">
     <span class='ocr_line' id='line_1_11' title="bbox 514 1361 2175 1439; baseline -0.01 -14"><span class='ocrx_word' id='word_1_74' title='bbox 514 1370 694 1439; x_wconf 91' lang='lat' dir='ltr'><strong>vitio;</strong></span> <span class='ocrx_word' id='word_1_75' title='bbox 748 1385 884 1423; x_wconf 90' lang='lat' dir='ltr'><strong>nam</strong></span> <span class='ocrx_word' id='word_1_76' title='bbox 936 1366 1126 1438; x_wconf 92' lang='lat' dir='ltr'><strong>primo</strong></span> <span class='ocrx_word' id='word_1_77' title='bbox 1174 1364 1300 1419; x_wconf 92' lang='lat' dir='ltr'><strong>loco</strong></span> <span class='ocrx_word' id='word_1_78' title='bbox 1352 1366 1525 1431; x_wconf 89' lang='lat' dir='ltr'><strong>recte,</strong></span> <span class='ocrx_word' id='word_1_79' title='bbox 1561 1361 1819 1416; x_wconf 91' lang='lat' dir='ltr'><strong>secundo</strong></span> <span class='ocrx_word' id='word_1_80' title='bbox 1869 1369 2175 1427; x_wconf 85' lang='lat' dir='ltr'><strong>perperam</strong></span> 
     </span>
    </p>
   </div>
   <div class='ocr_carea' id='block_1_12' title="bbox 515 1448 2176 1530">
    <p class='ocr_par' dir='ltr' id='par_1_12' title="bbox 515 1448 2176 1530">
     <span class='ocr_line' id='line_1_12' title="bbox 515 1448 2176 1530; baseline -0.01 -16"><span class='ocrx_word' id='word_1_81' title='bbox 515 1459 863 1530; x_wconf 88' lang='lat' dir='ltr'><strong>consignata</strong></span> <span class='ocrx_word' id='word_1_82' title='bbox 895 1459 1003 1510; x_wconf 91' lang='lat' dir='ltr'><strong>est.</strong></span> <span class='ocrx_word' id='word_1_83' title='bbox 1041 1454 1105 1508; x_wconf 81' lang='lat' dir='ltr'><strong>Hi</strong></span> <span class='ocrx_word' id='word_1_84' title='bbox 1139 1457 1336 1507; x_wconf 89' lang='lat' dir='ltr'><strong>autem</strong></span> <span class='ocrx_word' id='word_1_85' title='bbox 1370 1450 1513 1506; x_wconf 77' lang='lat' dir='ltr'><strong>naavi</strong></span> <span class='ocrx_word' id='word_1_86' title='bbox 1546 1450 1601 1504; x_wconf 93' lang='lat' dir='ltr'><strong>in</strong></span> <span class='ocrx_word' id='word_1_87' title='bbox 1640 1448 1903 1518; x_wconf 85' lang='lat' dir='ltr'><strong>antiquis</strong></span> <span class='ocrx_word' id='word_1_88' title='bbox 1963 1460 2176 1499; x_wconf 85' lang='lat' dir='ltr'><strong>manu-</strong></span> 
     </span>
    </p>
   </div>
   <div class='ocr_carea' id='block_1_13' title="bbox 514 1532 2177 1620">
    <p class='ocr_par' dir='ltr' id='par_1_13' title="bbox 514 1532 2177 1620">
     <span class='ocr_line' id='line_1_13' title="bbox 514 1532 2177 1620; baseline -0.011 -14"><span class='ocrx_word' id='word_1_89' title='bbox 514 1548 748 1620; x_wconf 87' lang='lat' dir='ltr'><strong>scriptis</strong></span> <span class='ocrx_word' id='word_1_90' title='bbox 764 1548 1100 1616; x_wconf 78' lang='lat' dir='ltr'><strong>frequentes</strong></span> <span class='ocrx_word' id='word_1_91' title='bbox 1114 1547 1430 1613; x_wconf 89' lang='lat' dir='ltr'><strong>sunt,quos</strong></span> <span class='ocrx_word' id='word_1_92' title='bbox 1443 1544 1715 1611; x_wconf 83' lang='lat' dir='ltr'><strong>expertus</strong></span> <span class='ocrx_word' id='word_1_93' title='bbox 1731 1554 1843 1592; x_wconf 92' lang='lat' dir='ltr'><strong>non</strong></span> <span class='ocrx_word' id='word_1_94' title='bbox 1864 1532 2177 1591; x_wconf 67' lang='lat' dir='ltr'><strong>mirabitur</strong></span> 
     </span>
    </p>
   </div>
   <div class='ocr_carea' id='block_1_14' title="bbox 514 1623 2171 1693">
    <p class='ocr_par' dir='ltr' id='par_1_14' title="bbox 514 1623 2171 1693">
     <span class='ocr_line' id='line_1_14' title="bbox 514 1623 2171 1693; baseline -0.01 0"><span class='ocrx_word' id='word_1_95' title='bbox 514 1638 718 1693; x_wconf 85' lang='lat' dir='ltr'><strong>lector.</strong></span> <span class='ocrx_word' id='word_1_96' title='bbox 752 1636 855 1688; x_wconf 87' lang='lat' dir='ltr'><strong>Hic</strong></span> <span class='ocrx_word' id='word_1_97' title='bbox 887 1631 1180 1687; x_wconf 86' lang='lat' dir='ltr'><strong>monitum</strong></span> <span class='ocrx_word' id='word_1_98' title='bbox 1222 1630 1351 1685; x_wconf 91' lang='lat' dir='ltr'><strong>volo</strong></span> <span class='ocrx_word' id='word_1_99' title='bbox 1398 1628 1593 1683; x_wconf 88' lang='lat' dir='ltr'><strong>Pionis</strong></span> <span class='ocrx_word' id='word_1_100' title='bbox 1642 1642 1855 1682; x_wconf 85' lang='lat' dir='ltr'><strong>nomen</strong></span> <span class='ocrx_word' id='word_1_101' title='bbox 1906 1623 2171 1679; x_wconf 90' lang='lat' dir='ltr'><strong>additum</strong></span> 
     </span>
    </p>
   </div>
   <div class='ocr_carea' id='block_1_15' title="bbox 519 1712 2172 1791">
    <p class='ocr_par' dir='ltr' id='par_1_15' title="bbox 519 1712 2172 1791">
     <span class='ocr_line' id='line_1_15' title="bbox 519 1712 2172 1791; baseline -0.01 -8"><span class='ocrx_word' id='word_1_102' title='bbox 519 1728 703 1783; x_wconf 84' lang='lat' dir='ltr'><strong>fuisse</strong></span> <span class='ocrx_word' id='word_1_103' title='bbox 717 1726 790 1780; x_wconf 81' lang='lat' dir='ltr'><strong>ab</strong></span> <span class='ocrx_word' id='word_1_104' title='bbox 805 1724 1324 1791; x_wconf 88' lang='lat' dir='ltr'><strong>Hieronymo,nam</strong></span> <span class='ocrx_word' id='word_1_105' title='bbox 1339 1720 1395 1773; x_wconf 93' lang='lat' dir='ltr'><strong>in</strong></span> <span class='ocrx_word' id='word_1_106' title='bbox 1421 1719 1617 1774; x_wconf 84' lang='lat' dir='ltr'><strong>Graeco</strong></span> <span class='ocrx_word' id='word_1_107' title='bbox 1640 1715 1871 1771; x_wconf 84' lang='lat' dir='ltr'><strong>Eusebii</strong></span> <span class='ocrx_word' id='word_1_108' title='bbox 1889 1712 2172 1769; x_wconf 88' lang='lat' dir='ltr'><strong>Chronico</strong></span> 
     </span>
    </p>
   </div>
   <div class='ocr_carea' id='block_1_16' title="bbox 522 1806 2174 1879">
    <p class='ocr_par' dir='ltr' id='par_1_16' title="bbox 522 1806 2174 1879">
     <span class='ocr_line' id='line_1_16' title="bbox 522 1806 2174 1879; baseline -0.01 -8"><span class='ocrx_word' id='word_1_109' title='bbox 522 1832 637 1872; x_wconf 90' lang='lat' dir='ltr'><strong>non</strong></span> <span class='ocrx_word' id='word_1_110' title='bbox 663 1815 979 1879; x_wconf 82' lang='lat' dir='ltr'><strong>invenitur,</strong></span> <span class='ocrx_word' id='word_1_111' title='bbox 1008 1810 1339 1879; x_wconf 88' lang='lat' dir='ltr'><strong>multosque</strong></span> <span class='ocrx_word' id='word_1_112' title='bbox 1370 1814 1680 1879; x_wconf 86' lang='lat' dir='ltr'><strong>postquam</strong></span> <span class='ocrx_word' id='word_1_113' title='bbox 1704 1806 2051 1873; x_wconf 86' lang='lat' dir='ltr'><strong>Polycarpus</strong></span> <span class='ocrx_word' id='word_1_114' title='bbox 2077 1818 2174 1856; x_wconf 88' lang='lat' dir='ltr'><strong>an-</strong></span> 
     </span>
    </p>
   </div>
   <div class='ocr_carea' id='block_1_17' title="bbox 1348 420 3090 493">
    <p class='ocr_par' dir='ltr' id='par_1_17' title="bbox 1348 420 3090 493">
     <span class='ocr_line' id='line_1_17' title="bbox 1348 420 3090 493; baseline -0.009 -7"><span class='ocrx_word' id='word_1_115' title='bbox 1348 433 1698 487; x_wconf 78' lang='lat' dir='ltr'><strong>ADDENDA</strong></span> <span class='ocrx_word' id='word_1_116' title='bbox 1736 433 1831 484; x_wconf 79' lang='lat' dir='ltr'><strong>AD</strong></span> <span class='ocrx_word' id='word_1_117' title='bbox 1872 424 2219 493; x_wconf 82' lang='lat' dir='ltr'><strong>QUOSDAM</strong></span> <span class='ocrx_word' id='word_1_118' title='bbox 2256 422 2799 477; x_wconf 67' lang='lat' dir='ltr'><strong>PRBCEDENTES</strong></span> <span class='ocrx_word' id='word_1_119' title='bbox 2836 420 3090 475; x_wconf 78' lang='lat' dir='ltr'><strong>TOMOB.</strong></span> 
     </span>
    </p>
   </div>
   <div class='ocr_carea' id='block_1_18' title="bbox 3784 414 3873 468">
    <p class='ocr_par' dir='ltr' id='par_1_18' title="bbox 3784 414 3873 468">
     <span class='ocr_line' id='line_1_18' title="bbox 3784 414 3873 468; baseline 0.022 -2"><span class='ocrx_word' id='word_1_120' title='bbox 3784 414 3873 468; x_wconf 84' lang='lat'><strong>700</strong></span> 
     </span>
    </p>
   </div>
   <div class='ocr_carea' id='block_1_19' title="bbox 2272 541 3872 618">
    <p class='ocr_par' dir='ltr' id='par_1_19' title="bbox 2272 541 3872 618">
     <span class='ocr_line' id='line_1_19' title="bbox 2272 541 3872 618; baseline -0.004 -15"><span class='ocrx_word' id='word_1_121' title='bbox 2272 563 2405 604; x_wconf 90' lang='lat' dir='ltr'><strong>eum</strong></span> <span class='ocrx_word' id='word_1_122' title='bbox 2436 548 2521 603; x_wconf 91' lang='lat' dir='ltr'><strong>uti</strong></span> <span class='ocrx_word' id='word_1_123' title='bbox 2543 548 2918 603; x_wconf 87' lang='lat' dir='ltr'><strong>consuevisse</strong></span> <span class='ocrx_word' id='word_1_124' title='bbox 2937 552 3113 618; x_wconf 87' lang='lat' dir='ltr'><strong>atque</strong></span> <span class='ocrx_word' id='word_1_125' title='bbox 3134 541 3526 600; x_wconf 87' lang='lat' dir='ltr'><strong>locutionibus</strong></span> <span class='ocrx_word' id='word_1_126' title='bbox 3547 541 3709 613; x_wconf 84' lang='lat' dir='ltr'><strong>vulgo</strong></span> <span class='ocrx_word' id='word_1_127' title='bbox 3722 544 3872 599; x_wconf 88' lang='lat' dir='ltr'><strong>tritis.</strong></span> 
     </span>
    </p>
   </div>
   <div class='ocr_carea' id='block_1_20' title="bbox 2275 632 3876 707">
    <p class='ocr_par' dir='ltr' id='par_1_20' title="bbox 2275 632 3876 707">
     <span class='ocr_line' id='line_1_20' title="bbox 2275 632 3876 707; baseline -0.003 -17"><span class='ocrx_word' id='word_1_128' title='bbox 2275 638 2461 707; x_wconf 85' lang='lat' dir='ltr'><strong>Atque</strong></span> <span class='ocrx_word' id='word_1_129' title='bbox 2479 635 2600 690; x_wconf 71' lang='lat' dir='ltr'><strong>haec</strong></span> <span class='ocrx_word' id='word_1_130' title='bbox 2626 651 2754 691; x_wconf 90' lang='lat' dir='ltr'><strong>esse</strong></span> <span class='ocrx_word' id='word_1_131' title='bbox 2786 652 2963 690; x_wconf 90' lang='lat' dir='ltr'><strong>causa</strong></span> <span class='ocrx_word' id='word_1_132' title='bbox 2987 634 3173 704; x_wconf 73' lang='lat' dir='ltr'><strong>potui:</strong></span> <span class='ocrx_word' id='word_1_133' title='bbox 3199 648 3301 687; x_wconf 90' lang='lat' dir='ltr'><strong>cur</strong></span> <span class='ocrx_word' id='word_1_134' title='bbox 3325 632 3425 686; x_wconf 91' lang='lat' dir='ltr'><strong>hos</strong></span> <span class='ocrx_word' id='word_1_135' title='bbox 3448 632 3644 686; x_wconf 90' lang='lat' dir='ltr'><strong>Fastos</strong></span> <span class='ocrx_word' id='word_1_136' title='bbox 3668 636 3876 687; x_wconf 88' lang='lat' dir='ltr'><strong>sanctus</strong></span> 
     </span>
    </p>
   </div>
   <div class='ocr_carea' id='block_1_21' title="bbox 2278 720 3876 795">
    <p class='ocr_par' dir='ltr' id='par_1_21' title="bbox 2278 720 3876 795">
     <span class='ocr_line' id='line_1_21' title="bbox 2278 720 3876 795; baseline -0.002 -17"><span class='ocrx_word' id='word_1_137' title='bbox 2278 724 2539 779; x_wconf 85' lang='lat' dir='ltr'><strong>Isidorus</strong></span> <span class='ocrx_word' id='word_1_138' title='bbox 2564 741 2678 779; x_wconf 89' lang='lat' dir='ltr'><strong>non</strong></span> <span class='ocrx_word' id='word_1_139' title='bbox 2704 724 2934 789; x_wconf 88' lang='lat' dir='ltr'><strong>viderit,</strong></span> <span class='ocrx_word' id='word_1_140' title='bbox 2956 723 3095 795; x_wconf 85' lang='lat' dir='ltr'><strong>quia</strong></span> <span class='ocrx_word' id='word_1_141' title='bbox 3116 721 3380 776; x_wconf 88' lang='lat' dir='ltr'><strong>videlicet</strong></span> <span class='ocrx_word' id='word_1_142' title='bbox 3401 720 3710 775; x_wconf 77' lang='lat' dir='ltr'><strong>Chronicon</strong></span> <span class='ocrx_word' id='word_1_143' title='bbox 3726 721 3776 773; x_wconf 91' lang='lat' dir='ltr'><strong>in</strong></span> <span class='ocrx_word' id='word_1_144' title='bbox 3797 737 3876 789; x_wconf 35' lang='lat' dir='ltr'><strong>pu.</strong></span> 
     </span>
    </p>
   </div>
   <div class='ocr_carea' id='block_1_22' title="bbox 2279 807 3879 876">
    <p class='ocr_par' dir='ltr' id='par_1_22' title="bbox 2279 807 3879 876">
     <span class='ocr_line' id='line_1_22' title="bbox 2279 807 3879 876; baseline -0.001 -13"><span class='ocrx_word' id='word_1_145' title='bbox 2279 812 2491 865; x_wconf 89' lang='lat' dir='ltr'><strong>blicam</strong></span> <span class='ocrx_word' id='word_1_146' title='bbox 2540 810 2730 866; x_wconf 86' lang='lat' dir='ltr'><strong>lucem</strong></span> <span class='ocrx_word' id='word_1_147' title='bbox 2780 812 3055 865; x_wconf 90' lang='lat' dir='ltr'><strong>emittens</strong></span> <span class='ocrx_word' id='word_1_148' title='bbox 3082 810 3321 876; x_wconf 88' lang='lat' dir='ltr'><strong>Idatius,</strong></span> <span class='ocrx_word' id='word_1_149' title='bbox 3356 812 3551 863; x_wconf 89' lang='lat' dir='ltr'><strong>Fastos</strong></span> <span class='ocrx_word' id='word_1_150' title='bbox 3579 807 3726 862; x_wconf 92' lang='lat' dir='ltr'><strong>domi</strong></span> <span class='ocrx_word' id='word_1_151' title='bbox 3753 809 3879 861; x_wconf 89' lang='lat' dir='ltr'><strong>inter</strong></span> 
     </span>
    </p>
   </div>
   <div class='ocr_carea' id='block_1_23' title="bbox 2277 897 3873 966">
    <p class='ocr_par' dir='ltr' id='par_1_23' title="bbox 2277 897 3873 966">
     <span class='ocr_line' id='line_1_23' title="bbox 2277 897 3873 966; baseline -0.001 -13"><span class='ocrx_word' id='word_1_152' title='bbox 2277 901 2525 955; x_wconf 87' lang='lat' dir='ltr'><strong>schedas</strong></span> <span class='ocrx_word' id='word_1_153' title='bbox 2555 901 2861 955; x_wconf 82' lang='lat' dir='ltr'><strong>continuit.</strong></span> <span class='ocrx_word' id='word_1_154' title='bbox 2898 900 3275 955; x_wconf 85' lang='lat' dir='ltr'><strong>Postmodum</strong></span> <span class='ocrx_word' id='word_1_155' title='bbox 3300 914 3452 966; x_wconf 91' lang='lat' dir='ltr'><strong>vero,</strong></span> <span class='ocrx_word' id='word_1_156' title='bbox 3474 897 3559 953; x_wconf 86' lang='lat' dir='ltr'><strong>vel</strong></span> <span class='ocrx_word' id='word_1_157' title='bbox 3590 898 3873 952; x_wconf 86' lang='lat' dir='ltr'><strong>amicorum</strong></span> 
     </span>
    </p>
   </div>
   <div class='ocr_carea' id='block_1_24' title="bbox 2280 988 3874 1058">
    <p class='ocr_par' dir='ltr' id='par_1_24' title="bbox 2280 988 3874 1058">
     <span class='ocr_line' id='line_1_24' title="bbox 2280 988 3874 1058; baseline 0.001 -15"><span class='ocrx_word' id='word_1_158' title='bbox 2280 990 2741 1058; x_wconf 85' lang='lat' dir='ltr'><strong>importunitate,</strong></span> <span class='ocrx_word' id='word_1_159' title='bbox 2772 990 2859 1045; x_wconf 90' lang='lat' dir='ltr'><strong>vel</strong></span> <span class='ocrx_word' id='word_1_160' title='bbox 2910 1006 2976 1045; x_wconf 93' lang='lat' dir='ltr'><strong>eo</strong></span> <span class='ocrx_word' id='word_1_161' title='bbox 3025 990 3144 1043; x_wconf 90' lang='lat' dir='ltr'><strong>vita</strong></span> <span class='ocrx_word' id='word_1_162' title='bbox 3190 989 3408 1058; x_wconf 87' lang='lat' dir='ltr'><strong>functo,</strong></span> <span class='ocrx_word' id='word_1_163' title='bbox 3442 990 3591 1058; x_wconf 89' lang='lat' dir='ltr'><strong>quod</strong></span> <span class='ocrx_word' id='word_1_164' title='bbox 3624 988 3676 1041; x_wconf 88' lang='lat' dir='ltr'><strong>in</strong></span> <span class='ocrx_word' id='word_1_165' title='bbox 3702 989 3874 1044; x_wconf 83' lang='lat' dir='ltr'><strong>eodem</strong></span> 
     </span>
    </p>
   </div>
   <div class='ocr_carea' id='block_1_25' title="bbox 2278 1078 3878 1150">
    <p class='ocr_par' dir='ltr' id='par_1_25' title="bbox 2278 1078 3878 1150">
     <span class='ocr_line' id='line_1_25' title="bbox 2278 1078 3878 1150; baseline -0.001 -19"><span class='ocrx_word' id='word_1_166' title='bbox 2278 1080 2576 1135; x_wconf 88' lang='lat' dir='ltr'><strong>volumine</strong></span> <span class='ocrx_word' id='word_1_167' title='bbox 2598 1095 2730 1135; x_wconf 91' lang='lat' dir='ltr'><strong>cum</strong></span> <span class='ocrx_word' id='word_1_168' title='bbox 2754 1081 3038 1135; x_wconf 89' lang='lat' dir='ltr'><strong>Chronico</strong></span> <span class='ocrx_word' id='word_1_169' title='bbox 3059 1078 3354 1150; x_wconf 88' lang='lat' dir='ltr'><strong>conjuncti</strong></span> <span class='ocrx_word' id='word_1_170' title='bbox 3368 1078 3704 1144; x_wconf 85' lang='lat' dir='ltr'><strong>essent,fieri</strong></span> <span class='ocrx_word' id='word_1_171' title='bbox 3718 1078 3878 1149; x_wconf 89' lang='lat' dir='ltr'><strong>potuit</strong></span> 
     </span>
    </p>
   </div>
   <div class='ocr_carea' id='block_1_26' title="bbox 2282 1169 3878 1242">
    <p class='ocr_par' dir='ltr' id='par_1_26' title="bbox 2282 1169 3878 1242">
     <span class='ocr_line' id='line_1_26' title="bbox 2282 1169 3878 1242; baseline -0.001 -18"><span class='ocrx_word' id='word_1_172' title='bbox 2282 1174 2345 1224; x_wconf 91' lang='lat' dir='ltr'><strong>ut</strong></span> <span class='ocrx_word' id='word_1_173' title='bbox 2379 1170 2824 1242; x_wconf 85' lang='lat' dir='ltr'><strong>evulgarentur;</strong></span> <span class='ocrx_word' id='word_1_174' title='bbox 2858 1171 2998 1241; x_wconf 86' lang='lat' dir='ltr'><strong>quin</strong></span> <span class='ocrx_word' id='word_1_175' title='bbox 3036 1169 3373 1240; x_wconf 85' lang='lat' dir='ltr'><strong>hujusmodi</strong></span> <span class='ocrx_word' id='word_1_176' title='bbox 3417 1169 3719 1240; x_wconf 81' lang='lat' dir='ltr'><strong>exemplar,</strong></span> <span class='ocrx_word' id='word_1_177' title='bbox 3749 1169 3878 1241; x_wconf 84' lang='lat' dir='ltr'><strong>quod</strong></span> 
     </span>
    </p>
   </div>
   <div class='ocr_carea' id='block_1_27' title="bbox 2283 1259 3882 1332">
    <p class='ocr_par' dir='ltr' id='par_1_27' title="bbox 2283 1259 3882 1332">
     <span class='ocr_line' id='line_1_27' title="bbox 2283 1259 3882 1332; baseline 0 -18"><span class='ocrx_word' id='word_1_178' title='bbox 2283 1266 2602 1330; x_wconf 88' lang='lat' dir='ltr'><strong>utrumque</strong></span> <span class='ocrx_word' id='word_1_179' title='bbox 2660 1276 2809 1331; x_wconf 83' lang='lat' dir='ltr'><strong>Opus</strong></span> <span class='ocrx_word' id='word_1_180' title='bbox 2862 1260 3347 1332; x_wconf 83' lang='lat' dir='ltr'><strong>amplectebatur,</strong></span> <span class='ocrx_word' id='word_1_181' title='bbox 3388 1263 3507 1315; x_wconf 88' lang='lat' dir='ltr'><strong>tam</strong></span> <span class='ocrx_word' id='word_1_182' title='bbox 3554 1259 3664 1315; x_wconf 86' lang='lat' dir='ltr'><strong>late</strong></span> <span class='ocrx_word' id='word_1_183' title='bbox 3699 1259 3882 1315; x_wconf 86' lang='lat' dir='ltr'><strong>distra-</strong></span> 
     </span>
    </p>
   </div>
   <div class='ocr_carea' id='block_1_28' title="bbox 2284 1348 3103 1420">
    <p class='ocr_par' dir='ltr' id='par_1_28' title="bbox 2284 1348 3103 1420">
     <span class='ocr_line' id='line_1_28' title="bbox 2284 1348 3103 1420; baseline 0.001 -17"><span class='ocrx_word' id='word_1_184' title='bbox 2284 1348 2517 1404; x_wconf 88' lang='lat' dir='ltr'><strong>heretur</strong></span> <span class='ocrx_word' id='word_1_185' title='bbox 2548 1365 2725 1420; x_wconf 91' lang='lat' dir='ltr'><strong>quam</strong></span> <span class='ocrx_word' id='word_1_186' title='bbox 2756 1349 3103 1405; x_wconf 88' lang='lat' dir='ltr'><strong>Chronicon.</strong></span> 
     </span>
    </p>
   </div>
   <div class='ocr_carea' id='block_1_29' title="bbox 2352 1438 3879 1510">
    <p class='ocr_par' dir='ltr' id='par_1_29' title="bbox 2352 1438 3879 1510">
     <span class='ocr_line' id='line_1_29' title="bbox 2352 1438 3879 1510; baseline 0 -17"><span class='ocrx_word' id='word_1_187' title='bbox 2352 1438 2441 1493; x_wconf 90' lang='lat'><strong>39.</strong></span> <span class='ocrx_word' id='word_1_188' title='bbox 2458 1438 2644 1507; x_wconf 86' lang='lat' dir='ltr'><strong>Major</strong></span> <span class='ocrx_word' id='word_1_189' title='bbox 2657 1442 2851 1493; x_wconf 90' lang='lat' dir='ltr'><strong>autem</strong></span> <span class='ocrx_word' id='word_1_190' title='bbox 2879 1455 3073 1493; x_wconf 91' lang='lat' dir='ltr'><strong>rerum</strong></span> <span class='ocrx_word' id='word_1_191' title='bbox 3097 1440 3267 1510; x_wconf 91' lang='lat' dir='ltr'><strong>copia</strong></span> <span class='ocrx_word' id='word_1_192' title='bbox 3287 1455 3465 1510; x_wconf 89' lang='lat' dir='ltr'><strong>quam</strong></span> <span class='ocrx_word' id='word_1_193' title='bbox 3489 1456 3520 1493; x_wconf 87' lang='lat' dir='ltr'><strong>a</strong></span> <span class='ocrx_word' id='word_1_194' title='bbox 3540 1439 3879 1495; x_wconf 86' lang='lat' dir='ltr'><strong>Constantino</strong></span> 
     </span>
    </p>
   </div>
   <div class='ocr_carea' id='block_1_30' title="bbox 2284 1527 3885 1597">
    <p class='ocr_par' dir='ltr' id='par_1_30' title="bbox 2284 1527 3885 1597">
     <span class='ocr_line' id='line_1_30' title="bbox 2284 1527 3885 1597; baseline 0.001 -16"><span class='ocrx_word' id='word_1_195' title='bbox 2284 1528 2354 1581; x_wconf 88' lang='lat' dir='ltr'><strong>ad</strong></span> <span class='ocrx_word' id='word_1_196' title='bbox 2387 1528 2700 1583; x_wconf 86' lang='lat' dir='ltr'><strong>Arcadium</strong></span> <span class='ocrx_word' id='word_1_197' title='bbox 2733 1528 2903 1583; x_wconf 91' lang='lat' dir='ltr'><strong>nobis</strong></span> <span class='ocrx_word' id='word_1_198' title='bbox 2955 1527 3014 1582; x_wconf 92' lang='lat' dir='ltr'><strong>hi</strong></span> <span class='ocrx_word' id='word_1_199' title='bbox 3066 1528 3223 1583; x_wconf 87' lang='lat' dir='ltr'><strong>Fasti</strong></span> <span class='ocrx_word' id='word_1_200' title='bbox 3272 1528 3567 1597; x_wconf 84' lang='lat' dir='ltr'><strong>exhibent,</strong></span> <span class='ocrx_word' id='word_1_201' title='bbox 3600 1545 3724 1583; x_wconf 90' lang='lat' dir='ltr'><strong>cum</strong></span> <span class='ocrx_word' id='word_1_202' title='bbox 3752 1528 3885 1583; x_wconf 80' lang='lat' dir='ltr'><strong>nuda</strong></span> 
     </span>
    </p>
   </div>
   <div class='ocr_carea' id='block_1_31' title="bbox 2283 1616 3887 1689">
    <p class='ocr_par' dir='ltr' id='par_1_31' title="bbox 2283 1616 3887 1689">
     <span class='ocr_line' id='line_1_31' title="bbox 2283 1616 3887 1689; baseline 0 -17"><span class='ocrx_word' id='word_1_203' title='bbox 2283 1618 2463 1673; x_wconf 87' lang='lat' dir='ltr'><strong>ferme</strong></span> <span class='ocrx_word' id='word_1_204' title='bbox 2486 1617 2793 1673; x_wconf 89' lang='lat' dir='ltr'><strong>consulum</strong></span> <span class='ocrx_word' id='word_1_205' title='bbox 2820 1616 3058 1673; x_wconf 91' lang='lat' dir='ltr'><strong>nomina</strong></span> <span class='ocrx_word' id='word_1_206' title='bbox 3081 1616 3301 1689; x_wconf 90' lang='lat' dir='ltr'><strong>reliquo</strong></span> <span class='ocrx_word' id='word_1_207' title='bbox 3323 1617 3382 1672; x_wconf 90' lang='lat' dir='ltr'><strong>in</strong></span> <span class='ocrx_word' id='word_1_208' title='bbox 3406 1633 3576 1688; x_wconf 89' lang='lat' dir='ltr'><strong>opere</strong></span> <span class='ocrx_word' id='word_1_209' title='bbox 3598 1617 3887 1688; x_wconf 78' lang='lat' dir='ltr'><strong>designent;</strong></span> 
     </span>
    </p>
   </div>
   <div class='ocr_carea' id='block_1_32' title="bbox 2282 1706 3884 1778">
    <p class='ocr_par' dir='ltr' id='par_1_32' title="bbox 2282 1706 3884 1778">
     <span class='ocr_line' id='line_1_32' title="bbox 2282 1706 3884 1778; baseline 0 -17"><span class='ocrx_word' id='word_1_210' title='bbox 2282 1708 2421 1761; x_wconf 90' lang='lat' dir='ltr'><strong>dum</strong></span> <span class='ocrx_word' id='word_1_211' title='bbox 2447 1706 2615 1778; x_wconf 85' lang='lat' dir='ltr'><strong>longe</strong></span> <span class='ocrx_word' id='word_1_212' title='bbox 2638 1707 3185 1764; x_wconf 81' lang='lat' dir='ltr'><strong>abestutdivcrsum</strong></span> <span class='ocrx_word' id='word_1_213' title='bbox 3209 1708 3282 1763; x_wconf 91' lang='lat' dir='ltr'><strong>ab</strong></span> <span class='ocrx_word' id='word_1_214' title='bbox 3304 1708 3488 1764; x_wconf 85' lang='lat' dir='ltr'><strong>Idatio</strong></span> <span class='ocrx_word' id='word_1_215' title='bbox 3510 1711 3786 1763; x_wconf 88' lang='lat' dir='ltr'><strong>auctorem</strong></span> <span class='ocrx_word' id='word_1_216' title='bbox 3807 1707 3884 1761; x_wconf 91' lang='lat' dir='ltr'><strong>de-</strong></span> 
     </span>
    </p>
   </div>
   <div class='ocr_carea' id='block_1_33' title="bbox 2284 1795 3881 1867">
    <p class='ocr_par' dir='ltr' id='par_1_33' title="bbox 2284 1795 3881 1867">
     <span class='ocr_line' id='line_1_33' title="bbox 2284 1795 3881 1867; baseline -0.001 -16"><span class='ocrx_word' id='word_1_217' title='bbox 2284 1802 2541 1861; x_wconf 89' lang='lat' dir='ltr'><strong>notet,ut</strong></span> <span class='ocrx_word' id='word_1_218' title='bbox 2562 1814 2590 1851; x_wconf 91' lang='lat' dir='ltr'><strong>e</strong></span> <span class='ocrx_word' id='word_1_219' title='bbox 2613 1798 2901 1852; x_wconf 81' lang='lat' dir='ltr'><strong>contrario</strong></span> <span class='ocrx_word' id='word_1_220' title='bbox 2932 1797 3335 1853; x_wconf 78' lang='lat' dir='ltr'><strong>efficacissime</strong></span> <span class='ocrx_word' id='word_1_221' title='bbox 3361 1814 3429 1853; x_wconf 83' lang='lat' dir='ltr'><strong>ex</strong></span> <span class='ocrx_word' id='word_1_222' title='bbox 3459 1814 3525 1853; x_wconf 90' lang='lat' dir='ltr'><strong>eo</strong></span> <span class='ocrx_word' id='word_1_223' title='bbox 3556 1795 3881 1867; x_wconf 83' lang='lat' dir='ltr'><strong>comprobari</strong></span> 
     </span>
    </p>
   </div>
   <div class='ocr_carea' id='block_1_34' title="bbox 524 1886 3886 1980">
    <p class='ocr_par' dir='ltr' id='par_1_34' title="bbox 524 1886 3886 1980">
     <span class='ocr_line' id='line_1_34' title="bbox 524 1886 3886 1980; baseline -0.005 -21"><span class='ocrx_word' id='word_1_224' title='bbox 524 1920 630 1959; x_wconf 90' lang='lat' dir='ltr'><strong>nos</strong></span> <span class='ocrx_word' id='word_1_225' title='bbox 681 1918 891 1974; x_wconf 86' lang='lat' dir='ltr'><strong>passus</strong></span> <span class='ocrx_word' id='word_1_226' title='bbox 941 1905 1031 1955; x_wconf 89' lang='lat' dir='ltr'><strong>est</strong></span> <span class='ocrx_word' id='word_1_227' title='bbox 1081 1898 1190 1953; x_wconf 91' lang='lat' dir='ltr'><strong>sub</strong></span> <span class='ocrx_word' id='word_1_228' title='bbox 1223 1897 1395 1952; x_wconf 90' lang='lat' dir='ltr'><strong>Decio</strong></span> <span class='ocrx_word' id='word_1_229' title='bbox 1426 1895 1566 1963; x_wconf 81' lang='lat' dir='ltr'><strong>(Vid.</strong></span> <span class='ocrx_word' id='word_1_230' title='bbox 1604 1893 1878 1961; x_wconf 84' lang='lat' dir='ltr'><strong>Bottand.,</strong></span> <span class='ocrx_word' id='word_1_231' title='bbox 1912 1893 1934 1945; x_wconf 87' lang='grc'>1</span> <span class='ocrx_word' id='word_1_232' title='bbox 1972 1890 2170 1980; x_wconf 50' lang='lat' dir='ltr'><strong>Febr).</strong></span> <span class='ocrx_word' id='word_1_233' title='bbox 2202 1914 2249 1980; x_wconf 77' lang='grc' dir='ltr'><strong>Β</strong></span> <span class='ocrx_word' id='word_1_234' title='bbox 2282 1886 2607 1980; x_wconf 77' lang='lat' dir='ltr'><strong>existimem</strong></span> <span class='ocrx_word' id='word_1_235' title='bbox 2623 1886 2862 1980; x_wconf 83' lang='lat' dir='ltr'><strong>nonnisi</strong></span> <span class='ocrx_word' id='word_1_236' title='bbox 2880 1888 3127 1943; x_wconf 86' lang='lat' dir='ltr'><strong>Idatium</strong></span> <span class='ocrx_word' id='word_1_237' title='bbox 3148 1887 3648 1957; x_wconf 84' lang='lat' dir='ltr'><strong>huiusmodiopus</strong></span> <span class='ocrx_word' id='word_1_238' title='bbox 3665 1886 3886 1941; x_wconf 79' lang='lat' dir='ltr'><strong>scribere</strong></span> 
     </span>
    </p>
   </div>
   <div class='ocr_carea' id='block_1_35' title="bbox 526 1976 3886 2063">
    <p class='ocr_par' dir='ltr' id='par_1_35' title="bbox 526 1976 3886 2063">
     <span class='ocr_line' id='line_1_35' title="bbox 526 1976 3886 2063; baseline -0.006 -15"><span class='ocrx_word' id='word_1_239' title='bbox 526 1996 732 2063; x_wconf 85' lang='lat' dir='ltr'><strong>Itaque</strong></span> <span class='ocrx_word' id='word_1_240' title='bbox 754 1989 976 2047; x_wconf 90' lang='lat' dir='ltr'><strong>Idatius</strong></span> <span class='ocrx_word' id='word_1_241' title='bbox 1000 2005 1068 2044; x_wconf 83' lang='lat' dir='ltr'><strong>ex</strong></span> <span class='ocrx_word' id='word_1_242' title='bbox 1088 1987 1373 2043; x_wconf 89' lang='lat' dir='ltr'><strong>Chronico</strong></span> <span class='ocrx_word' id='word_1_243' title='bbox 1386 1983 1721 2056; x_wconf 82' lang='lat' dir='ltr'><strong>Hieronymi</strong></span> <span class='ocrx_word' id='word_1_244' title='bbox 1740 1981 1962 2051; x_wconf 87' lang='lat' dir='ltr'><strong>Latino,</strong></span> <span class='ocrx_word' id='word_1_245' title='bbox 1979 1979 2173 2035; x_wconf 55' lang='lat' dir='ltr'><strong>Graeco</strong></span> <span class='ocrx_word' id='word_1_246' title='bbox 2204 1976 2241 1980; x_wconf 59' lang='grc'>⁷</span> <span class='ocrx_word' id='word_1_247' title='bbox 2279 1976 2563 2049; x_wconf 85' lang='lat' dir='ltr'><strong>potuisse.</strong></span> <span class='ocrx_word' id='word_1_248' title='bbox 2579 1976 2720 2042; x_wconf 91' lang='lat' dir='ltr'><strong>Quis</strong></span> <span class='ocrx_word' id='word_1_249' title='bbox 2741 1976 2892 2031; x_wconf 89' lang='lat' dir='ltr'><strong>enim</strong></span> <span class='ocrx_word' id='word_1_250' title='bbox 2920 1982 3125 2048; x_wconf 65' lang='lat' dir='ltr'><strong>praeter</strong></span> <span class='ocrx_word' id='word_1_251' title='bbox 3146 1977 3398 2033; x_wconf 86' lang='lat' dir='ltr'><strong>Idatium</strong></span> <span class='ocrx_word' id='word_1_252' title='bbox 3423 1977 3529 2032; x_wconf 90' lang='lat' dir='ltr'><strong>hos</strong></span> <span class='ocrx_word' id='word_1_253' title='bbox 3550 1976 3741 2031; x_wconf 85' lang='lat' dir='ltr'><strong>Fastos</strong></span> <span class='ocrx_word' id='word_1_254' title='bbox 3760 1976 3886 2030; x_wconf 87' lang='lat' dir='ltr'><strong>scri—</strong></span> 
     </span>
    </p>
   </div>
   <div class='ocr_carea' id='block_1_36' title="bbox 525 2072 1781 2145">
    <p class='ocr_par' dir='ltr' id='par_1_36' title="bbox 525 2072 1781 2145">
     <span class='ocr_line' id='line_1_36' title="bbox 525 2072 1781 2145; baseline -0.007 -10"><span class='ocrx_word' id='word_1_255' title='bbox 525 2081 882 2145; x_wconf 87' lang='lat' dir='ltr'><strong>inconsulto,</strong></span> <span class='ocrx_word' id='word_1_256' title='bbox 920 2079 1039 2133; x_wconf 58' lang='lat' dir='ltr'><strong>haec</strong></span> <span class='ocrx_word' id='word_1_257' title='bbox 1075 2078 1133 2132; x_wconf 94' lang='lat' dir='ltr'><strong>in</strong></span> <span class='ocrx_word' id='word_1_258' title='bbox 1166 2076 1353 2131; x_wconf 83' lang='lat' dir='ltr'><strong>Fastis</strong></span> <span class='ocrx_word' id='word_1_259' title='bbox 1384 2072 1781 2145; x_wconf 88' lang='lat' dir='ltr'><strong>transcripsit.</strong></span> 
     </span>
    </p>
   </div>
   <div class='ocr_carea' id='block_1_37' title="bbox 598 2159 2175 2233">
    <p class='ocr_par' dir='ltr' id='par_1_37' title="bbox 598 2159 2175 2233">
     <span class='ocr_line' id='line_1_37' title="bbox 598 2159 2175 2233; baseline -0.008 -9"><span class='ocrx_word' id='word_1_260' title='bbox 598 2171 697 2224; x_wconf 73' lang='lat'><strong>48</strong></span> <span class='ocrx_word' id='word_1_261' title='bbox 729 2170 815 2223; x_wconf 90' lang='lat'><strong>38.</strong></span> <span class='ocrx_word' id='word_1_262' title='bbox 842 2168 951 2223; x_wconf 90' lang='lat' dir='ltr'><strong>Sed</strong></span> <span class='ocrx_word' id='word_1_263' title='bbox 990 2166 1176 2221; x_wconf 92' lang='lat' dir='ltr'><strong>multo</strong></span> <span class='ocrx_word' id='word_1_264' title='bbox 1210 2164 1505 2219; x_wconf 74' lang='lat' dir='ltr'><strong>efficacius</strong></span> <span class='ocrx_word' id='word_1_265' title='bbox 1540 2164 1958 2233; x_wconf 84' lang='lat' dir='ltr'><strong>argumentum</strong></span> <span class='ocrx_word' id='word_1_266' title='bbox 1984 2159 2053 2212; x_wconf 92' lang='lat' dir='ltr'><strong>de</strong></span> <span class='ocrx_word' id='word_1_267' title='bbox 2074 2173 2175 2211; x_wconf 89' lang='lat' dir='ltr'><strong>au-</strong></span> 
     </span>
    </p>
   </div>
   <div class='ocr_carea' id='block_1_38' title="bbox 527 2245 2177 2322">
    <p class='ocr_par' dir='ltr' id='par_1_38' title="bbox 527 2245 2177 2322">
     <span class='ocr_line' id='line_1_38' title="bbox 527 2245 2177 2322; baseline -0.009 -9"><span class='ocrx_word' id='word_1_268' title='bbox 527 2262 681 2313; x_wconf 90' lang='lat' dir='ltr'><strong>ctore</strong></span> <span class='ocrx_word' id='word_1_269' title='bbox 703 2258 913 2312; x_wconf 90' lang='lat' dir='ltr'><strong>horum</strong></span> <span class='ocrx_word' id='word_1_270' title='bbox 939 2256 1244 2311; x_wconf 88' lang='lat' dir='ltr'><strong>Fastorum</strong></span> <span class='ocrx_word' id='word_1_271' title='bbox 1272 2253 1439 2309; x_wconf 89' lang='lat' dir='ltr'><strong>nobis</strong></span> <span class='ocrx_word' id='word_1_272' title='bbox 1462 2252 1678 2322; x_wconf 63' lang='lat' dir='ltr'><strong>praebet</strong></span> <span class='ocrx_word' id='word_1_273' title='bbox 1698 2265 1898 2304; x_wconf 92' lang='lat' dir='ltr'><strong>eorum</strong></span> <span class='ocrx_word' id='word_1_274' title='bbox 1916 2245 2177 2311; x_wconf 65' lang='lat' dir='ltr'><strong>ﬁnisﬁni</strong></span> 
     </span>
    </p>
   </div>
   <div class='ocr_carea' id='block_1_39' title="bbox 525 2335 2177 2417">
    <p class='ocr_par' dir='ltr' id='par_1_39' title="bbox 525 2335 2177 2417">
     <span class='ocr_line' id='line_1_39' title="bbox 525 2335 2177 2417; baseline -0.009 -15"><span class='ocrx_word' id='word_1_275' title='bbox 525 2346 817 2415; x_wconf 87' lang='lat' dir='ltr'><strong>Chronici,</strong></span> <span class='ocrx_word' id='word_1_276' title='bbox 860 2353 921 2401; x_wconf 92' lang='lat' dir='ltr'><strong>ut</strong></span> <span class='ocrx_word' id='word_1_277' title='bbox 952 2360 1131 2417; x_wconf 87' lang='lat' dir='ltr'><strong>supra</strong></span> <span class='ocrx_word' id='word_1_278' title='bbox 1163 2342 1385 2413; x_wconf 86' lang='lat' dir='ltr'><strong>monui,</strong></span> <span class='ocrx_word' id='word_1_279' title='bbox 1412 2359 1470 2396; x_wconf 93' lang='lat' dir='ltr'><strong>n.</strong></span> <span class='ocrx_word' id='word_1_280' title='bbox 1496 2341 1587 2405; x_wconf 92' lang='lat'><strong>33,</strong></span> <span class='ocrx_word' id='word_1_281' title='bbox 1611 2339 1781 2410; x_wconf 88' lang='lat' dir='ltr'><strong>longe</strong></span> <span class='ocrx_word' id='word_1_282' title='bbox 1813 2335 2177 2393; x_wconf 89' lang='lat' dir='ltr'><strong>simillimus.</strong></span> 
     </span>
    </p>
   </div>
   <div class='ocr_carea' id='block_1_40' title="bbox 528 2427 2179 2506">
    <p class='ocr_par' dir='ltr' id='par_1_40' title="bbox 528 2427 2179 2506">
     <span class='ocr_line' id='line_1_40' title="bbox 528 2427 2179 2506; baseline -0.008 -14"><span class='ocrx_word' id='word_1_283' title='bbox 528 2437 674 2492; x_wconf 88' lang='lat' dir='ltr'><strong>Nam</strong></span> <span class='ocrx_word' id='word_1_284' title='bbox 702 2436 802 2491; x_wconf 91' lang='lat' dir='ltr'><strong>ubi</strong></span> <span class='ocrx_word' id='word_1_285' title='bbox 826 2437 895 2490; x_wconf 89' lang='lat' dir='ltr'><strong>ad</strong></span> <span class='ocrx_word' id='word_1_286' title='bbox 921 2434 1186 2506; x_wconf 90' lang='lat' dir='ltr'><strong>quinque</strong></span> <span class='ocrx_word' id='word_1_287' title='bbox 1216 2437 1546 2505; x_wconf 88' lang='lat' dir='ltr'><strong>postremos</strong></span> <span class='ocrx_word' id='word_1_288' title='bbox 1578 2446 1763 2485; x_wconf 89' lang='lat' dir='ltr'><strong>annos</strong></span> <span class='ocrx_word' id='word_1_289' title='bbox 1794 2432 2035 2483; x_wconf 87' lang='lat' dir='ltr'><strong>ventum</strong></span> <span class='ocrx_word' id='word_1_290' title='bbox 2068 2427 2179 2491; x_wconf 89' lang='lat' dir='ltr'><strong>est,</strong></span> 
     </span>
    </p>
   </div>
   <div class='ocr_carea' id='block_1_41' title="bbox 528 2514 2184 2597">
    <p class='ocr_par' dir='ltr' id='par_1_41' title="bbox 528 2514 2184 2597">
     <span class='ocr_line' id='line_1_41' title="bbox 528 2514 2184 2597; baseline -0.009 -16"><span class='ocrx_word' id='word_1_291' title='bbox 528 2526 844 2597; x_wconf 89' lang='lat' dir='ltr'><strong>utrobique</strong></span> <span class='ocrx_word' id='word_1_292' title='bbox 858 2523 1129 2595; x_wconf 77' lang='lat' dir='ltr'><strong>pari,imo</strong></span> <span class='ocrx_word' id='word_1_293' title='bbox 1142 2523 1344 2577; x_wconf 89' lang='lat' dir='ltr'><strong>eadem</strong></span> <span class='ocrx_word' id='word_1_294' title='bbox 1360 2527 1656 2593; x_wconf 89' lang='lat' dir='ltr'><strong>gestorum</strong></span> <span class='ocrx_word' id='word_1_295' title='bbox 1674 2521 1835 2573; x_wconf 82' lang='lat' dir='ltr'><strong>extra</strong></span> <span class='ocrx_word' id='word_1_296' title='bbox 1850 2514 2184 2587; x_wconf 83' lang='lat' dir='ltr'><strong>Hispaniam</strong></span> 
     </span>
    </p>
   </div>
   <div class='ocr_carea' id='block_1_42' title="bbox 526 2600 2181 2687">
    <p class='ocr_par' dir='ltr' id='par_1_42' title="bbox 526 2600 2181 2687">
     <span class='ocr_line' id='line_1_42' title="bbox 526 2600 2181 2687; baseline -0.01 -17"><span class='ocrx_word' id='word_1_297' title='bbox 526 2614 858 2687; x_wconf 80' lang='lat' dir='ltr'><strong>ignorantia</strong></span> <span class='ocrx_word' id='word_1_298' title='bbox 885 2613 1185 2668; x_wconf 86' lang='lat' dir='ltr'><strong>laborasse</strong></span> <span class='ocrx_word' id='word_1_299' title='bbox 1206 2615 1505 2666; x_wconf 88' lang='lat' dir='ltr'><strong>auctorem</strong></span> <span class='ocrx_word' id='word_1_300' title='bbox 1530 2605 2008 2680; x_wconf 84' lang='lat' dir='ltr'><strong>deprehenditur.</strong></span> <span class='ocrx_word' id='word_1_301' title='bbox 2027 2600 2181 2658; x_wconf 83' lang='lat' dir='ltr'><strong>Fasti</strong></span> 
     </span>
    </p>
   </div>
   <div class='ocr_carea' id='block_1_43' title="bbox 524 2694 2179 2771">
    <p class='ocr_par' dir='ltr' id='par_1_43' title="bbox 524 2694 2179 2771">
     <span class='ocr_line' id='line_1_43' title="bbox 524 2694 2179 2771; baseline -0.009 -12"><span class='ocrx_word' id='word_1_302' title='bbox 524 2708 730 2759; x_wconf 88' lang='lat' dir='ltr'><strong>carent</strong></span> <span class='ocrx_word' id='word_1_303' title='bbox 758 2701 1125 2768; x_wconf 90' lang='lat' dir='ltr'><strong>consulibus,</strong></span> <span class='ocrx_word' id='word_1_304' title='bbox 1161 2701 1261 2771; x_wconf 92' lang='lat' dir='ltr'><strong>qui</strong></span> <span class='ocrx_word' id='word_1_305' title='bbox 1293 2700 1353 2754; x_wconf 93' lang='lat' dir='ltr'><strong>in</strong></span> <span class='ocrx_word' id='word_1_306' title='bbox 1384 2699 1530 2769; x_wconf 88' lang='lat' dir='ltr'><strong>ipsis</strong></span> <span class='ocrx_word' id='word_1_307' title='bbox 1563 2713 1748 2752; x_wconf 91' lang='lat' dir='ltr'><strong>annos</strong></span> <span class='ocrx_word' id='word_1_308' title='bbox 1780 2694 2179 2768; x_wconf 76' lang='lat' dir='ltr'><strong>distinguant;</strong></span> 
     </span>
    </p>
   </div>
   <div class='ocr_carea' id='block_1_44' title="bbox 524 2781 2186 2860">
    <p class='ocr_par' dir='ltr' id='par_1_44' title="bbox 524 2781 2186 2860">
     <span class='ocr_line' id='line_1_44' title="bbox 524 2781 2186 2860; baseline -0.008 -11"><span class='ocrx_word' id='word_1_309' title='bbox 524 2792 851 2849; x_wconf 86' lang='lat' dir='ltr'><strong>Chronicon</strong></span> <span class='ocrx_word' id='word_1_310' title='bbox 872 2790 1082 2848; x_wconf 89' lang='lat' dir='ltr'><strong>Leonis</strong></span> <span class='ocrx_word' id='word_1_311' title='bbox 1102 2788 1485 2860; x_wconf 89' lang='lat' dir='ltr'><strong>chronologia</strong></span> <span class='ocrx_word' id='word_1_312' title='bbox 1505 2786 1826 2860; x_wconf 89' lang='lat' dir='ltr'><strong>spoliatum</strong></span> <span class='ocrx_word' id='word_1_313' title='bbox 1852 2788 1961 2839; x_wconf 91' lang='lat' dir='ltr'><strong>est.</strong></span> <span class='ocrx_word' id='word_1_314' title='bbox 1980 2781 2186 2839; x_wconf 90' lang='lat' dir='ltr'><strong>Simile</strong></span> 
     </span>
    </p>
   </div>
   <div class='ocr_carea' id='block_1_45' title="bbox 524 2874 2187 2953">
    <p class='ocr_par' dir='ltr' id='par_1_45' title="bbox 524 2874 2187 2953">
     <span class='ocr_line' id='line_1_45' title="bbox 524 2874 2187 2953; baseline -0.007 -16"><span class='ocrx_word' id='word_1_315' title='bbox 524 2882 664 2953; x_wconf 90' lang='lat' dir='ltr'><strong>quid</strong></span> <span class='ocrx_word' id='word_1_316' title='bbox 686 2882 748 2937; x_wconf 90' lang='lat' dir='ltr'><strong>in</strong></span> <span class='ocrx_word' id='word_1_317' title='bbox 762 2882 889 2952; x_wconf 91' lang='lat' dir='ltr'><strong>ipso</strong></span> <span class='ocrx_word' id='word_1_318' title='bbox 912 2882 1029 2936; x_wconf 84' lang='lat' dir='ltr'><strong>fere</strong></span> <span class='ocrx_word' id='word_1_319' title='bbox 1040 2877 1330 2935; x_wconf 86' lang='lat' dir='ltr'><strong>vestibulo</strong></span> <span class='ocrx_word' id='word_1_320' title='bbox 1348 2877 1656 2947; x_wconf 92' lang='lat' dir='ltr'><strong>utriusque</strong></span> <span class='ocrx_word' id='word_1_321' title='bbox 1669 2874 1861 2946; x_wconf 91' lang='lat' dir='ltr'><strong>operis</strong></span> <span class='ocrx_word' id='word_1_322' title='bbox 1876 2874 2187 2929; x_wconf 90' lang='lat' dir='ltr'><strong>observare</strong></span> 
     </span>
    </p>
   </div>
   <div class='ocr_carea' id='block_1_46' title="bbox 528 2959 2184 3043">
    <p class='ocr_par' dir='ltr' id='par_1_46' title="bbox 528 2959 2184 3043">
     <span class='ocr_line' id='line_1_46' title="bbox 528 2959 2184 3043; baseline -0.008 -17"><span class='ocrx_word' id='word_1_323' title='bbox 528 2970 721 3043; x_wconf 88' lang='lat' dir='ltr'><strong>quivis</strong></span> <span class='ocrx_word' id='word_1_324' title='bbox 744 2969 988 3042; x_wconf 88' lang='lat' dir='ltr'><strong>poterit;</strong></span> <span class='ocrx_word' id='word_1_325' title='bbox 1016 2968 1323 3039; x_wconf 88' lang='lat' dir='ltr'><strong>utrobique</strong></span> <span class='ocrx_word' id='word_1_326' title='bbox 1345 2966 1500 3021; x_wconf 90' lang='lat' dir='ltr'><strong>enim</strong></span> <span class='ocrx_word' id='word_1_327' title='bbox 1526 2963 1899 3036; x_wconf 87' lang='lat' dir='ltr'><strong>inauguratio</strong></span> <span class='ocrx_word' id='word_1_328' title='bbox 1921 2959 2184 3017; x_wconf 70' lang='lat' dir='ltr'><strong>Honorii.</strong></span> 
     </span>
    </p>
   </div>
   <div class='ocr_carea' id='block_1_47' title="bbox 524 3051 2189 3132">
    <p class='ocr_par' dir='ltr' id='par_1_47' title="bbox 524 3051 2189 3132">
     <span class='ocr_line' id='line_1_47' title="bbox 524 3051 2189 3132; baseline -0.007 -17"><span class='ocrx_word' id='word_1_329' title='bbox 524 3060 625 3132; x_wconf 90' lang='lat' dir='ltr'><strong>qui</strong></span> <span class='ocrx_word' id='word_1_330' title='bbox 656 3059 715 3114; x_wconf 89' lang='lat' dir='ltr'><strong>in</strong></span> <span class='ocrx_word' id='word_1_331' title='bbox 749 3058 1063 3115; x_wconf 90' lang='lat' dir='ltr'><strong>Occidente</strong></span> <span class='ocrx_word' id='word_1_332' title='bbox 1094 3054 1421 3127; x_wconf 88' lang='lat' dir='ltr'><strong>imperavit,</strong></span> <span class='ocrx_word' id='word_1_333' title='bbox 1450 3053 1685 3110; x_wconf 89' lang='lat' dir='ltr'><strong>silentio</strong></span> <span class='ocrx_word' id='word_1_334' title='bbox 1718 3051 2189 3124; x_wconf 67' lang='lat' dir='ltr'><strong>praetermittitur</strong></span> 
     </span>
    </p>
   </div>
   <div class='ocr_carea' id='block_1_48' title="bbox 532 3137 2188 3211">
    <p class='ocr_par' dir='ltr' id='par_1_48' title="bbox 532 3137 2188 3211">
     <span class='ocr_line' id='line_1_48' title="bbox 532 3137 2188 3211; baseline -0.007 -9"><span class='ocrx_word' id='word_1_335' title='bbox 532 3146 601 3202; x_wconf 87' lang='lat' dir='ltr'><strong>ad</strong></span> <span class='ocrx_word' id='word_1_336' title='bbox 620 3163 840 3201; x_wconf 89' lang='lat' dir='ltr'><strong>annum</strong></span> <span class='ocrx_word' id='word_1_337' title='bbox 855 3145 981 3200; x_wconf 87' lang='lat'>393.</span> <span class='ocrx_word' id='word_1_338' title='bbox 1002 3142 1348 3199; x_wconf 89' lang='lat' dir='ltr'><strong>Incredibile</strong></span> <span class='ocrx_word' id='word_1_339' title='bbox 1370 3145 1563 3198; x_wconf 90' lang='lat' dir='ltr'><strong>autem</strong></span> <span class='ocrx_word' id='word_1_340' title='bbox 1588 3144 1679 3196; x_wconf 92' lang='lat' dir='ltr'><strong>est</strong></span> <span class='ocrx_word' id='word_1_341' title='bbox 1700 3138 2040 3211; x_wconf 89' lang='lat' dir='ltr'><strong>hujusmodi</strong></span> <span class='ocrx_word' id='word_1_342' title='bbox 2068 3137 2188 3193; x_wconf 88' lang='lat' dir='ltr'><strong>sive</strong></span> 
     </span>
    </p>
   </div>
   <div class='ocr_carea' id='block_1_49' title="bbox 521 3227 2181 3307">
    <p class='ocr_par' dir='ltr' id='par_1_49' title="bbox 521 3227 2181 3307">
     <span class='ocr_line' id='line_1_49' title="bbox 521 3227 2181 3307; baseline -0.005 -18"><span class='ocrx_word' id='word_1_343' title='bbox 521 3234 919 3307; x_wconf 87' lang='lat' dir='ltr'><strong>ignorantiam</strong></span> <span class='ocrx_word' id='word_1_344' title='bbox 945 3233 1063 3289; x_wconf 88' lang='lat' dir='ltr'><strong>sive</strong></span> <span class='ocrx_word' id='word_1_345' title='bbox 1079 3231 1427 3288; x_wconf 89' lang='lat' dir='ltr'><strong>oblivionem</strong></span> <span class='ocrx_word' id='word_1_346' title='bbox 1445 3229 1730 3286; x_wconf 85' lang='lat' dir='ltr'><strong>accidisse</strong></span> <span class='ocrx_word' id='word_1_347' title='bbox 1745 3229 1976 3283; x_wconf 90' lang='lat' dir='ltr'><strong>duobus</strong></span> <span class='ocrx_word' id='word_1_348' title='bbox 1992 3227 2181 3282; x_wconf 88' lang='lat' dir='ltr'><strong>diver-</strong></span> 
     </span>
    </p>
   </div>
   <div class='ocr_carea' id='block_1_50' title="bbox 521 3319 2181 3395">
    <p class='ocr_par' dir='ltr' id='par_1_50' title="bbox 521 3319 2181 3395">
     <span class='ocr_line' id='line_1_50' title="bbox 521 3319 2181 3395; baseline -0.005 -16"><span class='ocrx_word' id='word_1_349' title='bbox 521 3324 722 3395; x_wconf 88' lang='lat' dir='ltr'><strong>sisque</strong></span> <span class='ocrx_word' id='word_1_350' title='bbox 734 3322 1123 3394; x_wconf 89' lang='lat' dir='ltr'><strong>scriptoribus</strong></span> <span class='ocrx_word' id='word_1_351' title='bbox 1138 3321 1465 3391; x_wconf 87' lang='lat' dir='ltr'><strong>iisdemque</strong></span> <span class='ocrx_word' id='word_1_352' title='bbox 1481 3319 1893 3390; x_wconf 91' lang='lat' dir='ltr'><strong>latinis,quoru</strong></span> <span class='ocrx_word' id='word_1_353' title='bbox 1906 3333 1959 3370; x_wconf 92' lang='lat' dir='ltr'><strong>m</strong></span> <span class='ocrx_word' id='word_1_354' title='bbox 1973 3321 2181 3372; x_wconf 88' lang='lat' dir='ltr'><strong>neuter</strong></span> 
     </span>
    </p>
   </div>
   <div class='ocr_carea' id='block_1_51' title="bbox 522 3406 2178 3478">
    <p class='ocr_par' dir='ltr' id='par_1_51' title="bbox 522 3406 2178 3478">
     <span class='ocr_line' id='line_1_51' title="bbox 522 3406 2178 3478; baseline -0.005 -9"><span class='ocrx_word' id='word_1_355' title='bbox 522 3412 743 3469; x_wconf 89' lang='lat' dir='ltr'><strong>oblitus</strong></span> <span class='ocrx_word' id='word_1_356' title='bbox 772 3411 883 3467; x_wconf 83' lang='lat' dir='ltr'><strong>fuit</strong></span> <span class='ocrx_word' id='word_1_357' title='bbox 912 3412 983 3466; x_wconf 90' lang='lat' dir='ltr'><strong>ad</strong></span> <span class='ocrx_word' id='word_1_358' title='bbox 1017 3427 1238 3466; x_wconf 90' lang='lat' dir='ltr'><strong>annum</strong></span> <span class='ocrx_word' id='word_1_359' title='bbox 1280 3410 1386 3464; x_wconf 90' lang='lat'><strong>383</strong></span> <span class='ocrx_word' id='word_1_360' title='bbox 1433 3408 1685 3473; x_wconf 79' lang='lat' dir='ltr'><strong>Arcadii,</strong></span> <span class='ocrx_word' id='word_1_361' title='bbox 1720 3408 1820 3478; x_wconf 91' lang='lat' dir='ltr'><strong>qui</strong></span> <span class='ocrx_word' id='word_1_362' title='bbox 1852 3407 1911 3461; x_wconf 92' lang='lat' dir='ltr'><strong>in</strong></span> <span class='ocrx_word' id='word_1_363' title='bbox 1943 3406 2178 3461; x_wconf 90' lang='lat' dir='ltr'><strong>Oriente</strong></span> 
     </span>
    </p>
   </div>
   <div class='ocr_carea' id='block_1_52' title="bbox 521 3498 2173 3575">
    <p class='ocr_par' dir='ltr' id='par_1_52' title="bbox 521 3498 2173 3575">
     <span class='ocr_line' id='line_1_52' title="bbox 521 3498 2173 3575; baseline -0.007 -16"><span class='ocrx_word' id='word_1_364' title='bbox 521 3519 756 3575; x_wconf 89' lang='lat' dir='ltr'><strong>semper</strong></span> <span class='ocrx_word' id='word_1_365' title='bbox 770 3503 979 3570; x_wconf 88' lang='lat' dir='ltr'><strong>fuit,ad</strong></span> <span class='ocrx_word' id='word_1_366' title='bbox 996 3518 1215 3558; x_wconf 89' lang='lat' dir='ltr'><strong>annum</strong></span> <span class='ocrx_word' id='word_1_367' title='bbox 1230 3501 1334 3556; x_wconf 89' lang='lat'>383</span> <span class='ocrx_word' id='word_1_368' title='bbox 1350 3500 1855 3571; x_wconf 88' lang='lat' dir='ltr'><strong>inaugurationem</strong></span> <span class='ocrx_word' id='word_1_369' title='bbox 1873 3498 2173 3553; x_wconf 88' lang='lat' dir='ltr'><strong>adnotare.</strong></span> 
     </span>
    </p>
   </div>
   <div class='ocr_carea' id='block_1_53' title="bbox 521 3586 2179 3663">
    <p class='ocr_par' dir='ltr' id='par_1_53' title="bbox 521 3586 2179 3663">
     <span class='ocr_line' id='line_1_53' title="bbox 521 3586 2179 3663; baseline -0.004 -17"><span class='ocrx_word' id='word_1_370' title='bbox 521 3594 607 3647; x_wconf 78' lang='lat' dir='ltr'><strong>Ad</strong></span> <span class='ocrx_word' id='word_1_371' title='bbox 635 3594 754 3647; x_wconf 80' lang='lat' dir='ltr'><strong>haec</strong></span> <span class='ocrx_word' id='word_1_372' title='bbox 778 3592 825 3648; x_wconf 90' lang='lat' dir='ltr'><strong>si</strong></span> <span class='ocrx_word' id='word_1_373' title='bbox 851 3592 985 3663; x_wconf 90' lang='lat' dir='ltr'><strong>quis</strong></span> <span class='ocrx_word' id='word_1_374' title='bbox 1008 3608 1167 3647; x_wconf 88' lang='lat' dir='ltr'><strong>error</strong></span> <span class='ocrx_word' id='word_1_375' title='bbox 1194 3590 1483 3662; x_wconf 88' lang='lat' dir='ltr'><strong>reperitur</strong></span> <span class='ocrx_word' id='word_1_376' title='bbox 1503 3590 1561 3643; x_wconf 93' lang='lat' dir='ltr'><strong>in</strong></span> <span class='ocrx_word' id='word_1_377' title='bbox 1585 3588 1891 3656; x_wconf 87' lang='lat' dir='ltr'><strong>Chronico,</strong></span> <span class='ocrx_word' id='word_1_378' title='bbox 1910 3604 2023 3643; x_wconf 87' lang='lat' dir='ltr'><strong>non</strong></span> <span class='ocrx_word' id='word_1_379' title='bbox 2046 3586 2179 3657; x_wconf 86' lang='lat' dir='ltr'><strong>qui-</strong></span> 
     </span>
    </p>
   </div>
   <div class='ocr_carea' id='block_1_54' title="bbox 524 3675 2177 3747">
    <p class='ocr_par' dir='ltr' id='par_1_54' title="bbox 524 3675 2177 3747">
     <span class='ocr_line' id='line_1_54' title="bbox 524 3675 2177 3747; baseline -0.004 -12"><span class='ocrx_word' id='word_1_380' title='bbox 524 3682 654 3735; x_wconf 88' lang='lat' dir='ltr'><strong>dem</strong></span> <span class='ocrx_word' id='word_1_381' title='bbox 685 3680 907 3736; x_wconf 86' lang='lat' dir='ltr'><strong>librarii</strong></span> <span class='ocrx_word' id='word_1_382' title='bbox 930 3680 1031 3735; x_wconf 82' lang='lat' dir='ltr'><strong>sed</strong></span> <span class='ocrx_word' id='word_1_383' title='bbox 1056 3678 1333 3747; x_wconf 90' lang='lat' dir='ltr'><strong>auctoris,</strong></span> <span class='ocrx_word' id='word_1_384' title='bbox 1357 3679 1625 3734; x_wconf 88' lang='lat' dir='ltr'><strong>eumdem</strong></span> <span class='ocrx_word' id='word_1_385' title='bbox 1651 3678 1709 3732; x_wconf 92' lang='lat' dir='ltr'><strong>in</strong></span> <span class='ocrx_word' id='word_1_386' title='bbox 1730 3677 1917 3732; x_wconf 88' lang='lat' dir='ltr'><strong>Fastis</strong></span> <span class='ocrx_word' id='word_1_387' title='bbox 1940 3675 2177 3731; x_wconf 82' lang='lat' dir='ltr'><strong>oti‘endi-</strong></span> 
     </span>
    </p>
   </div>
   <div class='ocr_carea' id='block_1_55' title="bbox 526 3765 2176 3839">
    <p class='ocr_par' dir='ltr' id='par_1_55' title="bbox 526 3765 2176 3839">
     <span class='ocr_line' id='line_1_55' title="bbox 526 3765 2176 3839; baseline -0.003 -15"><span class='ocrx_word' id='word_1_388' title='bbox 526 3786 679 3824; x_wconf 76' lang='lat' dir='ltr'><strong>mus.</strong></span> <span class='ocrx_word' id='word_1_389' title='bbox 704 3768 788 3824; x_wconf 88' lang='lat' dir='ltr'><strong>Ita</strong></span> <span class='ocrx_word' id='word_1_390' title='bbox 808 3772 1176 3824; x_wconf 78' lang='lat' dir='ltr'><strong>terraemotus</strong></span> <span class='ocrx_word' id='word_1_391' title='bbox 1209 3768 1424 3839; x_wconf 90' lang='lat' dir='ltr'><strong>quibus</strong></span> <span class='ocrx_word' id='word_1_392' title='bbox 1455 3771 1847 3838; x_wconf 88' lang='lat' dir='ltr'><strong>conquassata</strong></span> <span class='ocrx_word' id='word_1_393' title='bbox 1876 3769 1965 3821; x_wconf 88' lang='lat' dir='ltr'><strong>est</strong></span> <span class='ocrx_word' id='word_1_394' title='bbox 1997 3765 2176 3820; x_wconf 69' lang='lat' dir='ltr'><strong>Palm-</strong></span> 
     </span>
    </p>
   </div>
   <div class='ocr_carea' id='block_1_56' title="bbox 526 3855 2177 3928">
    <p class='ocr_par' dir='ltr' id='par_1_56' title="bbox 526 3855 2177 3928">
     <span class='ocr_line' id='line_1_56' title="bbox 526 3855 2177 3928; baseline -0.003 -15"><span class='ocrx_word' id='word_1_395' title='bbox 526 3859 685 3913; x_wconf 90' lang='lat' dir='ltr'><strong>stina</strong></span> <span class='ocrx_word' id='word_1_396' title='bbox 724 3875 877 3914; x_wconf 91' lang='lat' dir='ltr'><strong>anno</strong></span> <span class='ocrx_word' id='word_1_397' title='bbox 910 3858 1033 3927; x_wconf 77' lang='grc'>419,</span> <span class='ocrx_word' id='word_1_398' title='bbox 1066 3862 1187 3913; x_wconf 88' lang='lat' dir='ltr'><strong>tam</strong></span> <span class='ocrx_word' id='word_1_399' title='bbox 1222 3858 1281 3911; x_wconf 93' lang='lat' dir='ltr'><strong>in</strong></span> <span class='ocrx_word' id='word_1_400' title='bbox 1315 3856 1602 3912; x_wconf 89' lang='lat' dir='ltr'><strong>Chronico</strong></span> <span class='ocrx_word' id='word_1_401' title='bbox 1652 3873 1829 3928; x_wconf 90' lang='lat' dir='ltr'><strong>quam</strong></span> <span class='ocrx_word' id='word_1_402' title='bbox 1882 3856 1941 3909; x_wconf 91' lang='lat' dir='ltr'><strong>in</strong></span> <span class='ocrx_word' id='word_1_403' title='bbox 1992 3855 2177 3910; x_wconf 84' lang='lat' dir='ltr'><strong>Fastis</strong></span> 
     </span>
    </p>
   </div>
   <div class='ocr_carea' id='block_1_57' title="bbox 523 3938 2178 4019">
    <p class='ocr_par' dir='ltr' id='par_1_57' title="bbox 523 3938 2178 4019">
     <span class='ocr_line' id='line_1_57' title="bbox 523 3938 2178 4019; baseline -0.003 -16"><span class='ocrx_word' id='word_1_404' title='bbox 523 3938 1130 4019; x_wconf 48' lang='lat' dir='ltr'><strong>contigisse‘dicuntur</strong></span> <span class='ocrx_word' id='word_1_405' title='bbox 1144 3947 1417 4017; x_wconf 90' lang='lat' dir='ltr'><strong>episcopo</strong></span> <span class='ocrx_word' id='word_1_406' title='bbox 1434 3945 2178 4014; x_wconf 81' lang='lat' dir='ltr'><strong>Hierosolymorumloanne</strong></span> 
     </span>
    </p>
   </div>
   <div class='ocr_carea' id='block_1_58' title="bbox 523 4034 2177 4109">
    <p class='ocr_par' dir='ltr' id='par_1_58' title="bbox 523 4034 2177 4109">
     <span class='ocr_line' id='line_1_58' title="bbox 523 4034 2177 4109; baseline -0.004 -17"><span class='ocrx_word' id='word_1_407' title='bbox 523 4038 623 4109; x_wconf 91' lang='lat' dir='ltr'><strong>qui</strong></span> <span class='ocrx_word' id='word_1_408' title='bbox 657 4037 914 4092; x_wconf 88' lang='lat' dir='ltr'><strong>secundo</strong></span> <span class='ocrx_word' id='word_1_409' title='bbox 946 4041 1049 4091; x_wconf 90' lang='lat' dir='ltr'><strong>aut</strong></span> <span class='ocrx_word' id='word_1_410' title='bbox 1072 4036 1245 4092; x_wconf 91' lang='lat' dir='ltr'><strong>tertio</strong></span> <span class='ocrx_word' id='word_1_411' title='bbox 1270 4052 1422 4090; x_wconf 89' lang='lat' dir='ltr'><strong>anno</strong></span> <span class='ocrx_word' id='word_1_412' title='bbox 1456 4034 1619 4105; x_wconf 90' lang='lat' dir='ltr'><strong>prius</strong></span> <span class='ocrx_word' id='word_1_413' title='bbox 1650 4035 1997 4089; x_wconf 87' lang='lat' dir='ltr'><strong>decesserat.</strong></span> <span class='ocrx_word' id='word_1_414' title='bbox 2032 4038 2177 4103; x_wconf 88' lang='lat' dir='ltr'><strong>Lege</strong></span> 
     </span>
    </p>
   </div>
   <div class='ocr_carea' id='block_1_59' title="bbox 520 4124 2178 4197">
    <p class='ocr_par' dir='ltr' id='par_1_59' title="bbox 520 4124 2178 4197">
     <span class='ocr_line' id='line_1_59' title="bbox 520 4124 2178 4197; baseline -0.003 -17"><span class='ocrx_word' id='word_1_415' title='bbox 520 4131 719 4181; x_wconf 89' lang='lat' dir='ltr'><strong>notam</strong></span> <span class='ocrx_word' id='word_1_416' title='bbox 751 4128 838 4183; x_wconf 90' lang='lat'><strong>30.</strong></span> <span class='ocrx_word' id='word_1_417' title='bbox 872 4126 1012 4192; x_wconf 86' lang='lat' dir='ltr'><strong>Quis</strong></span> <span class='ocrx_word' id='word_1_418' title='bbox 1043 4126 1226 4197; x_wconf 88' lang='lat' dir='ltr'><strong>igitur</strong></span> <span class='ocrx_word' id='word_1_419' title='bbox 1256 4129 1387 4196; x_wconf 90' lang='lat' dir='ltr'><strong>post</strong></span> <span class='ocrx_word' id='word_1_420' title='bbox 1423 4124 1543 4179; x_wconf 67' lang='lat' dir='ltr'><strong>haec</strong></span> <span class='ocrx_word' id='word_1_421' title='bbox 1580 4127 1746 4193; x_wconf 84' lang='lat' dir='ltr'><strong>neget</strong></span> <span class='ocrx_word' id='word_1_422' title='bbox 1778 4124 2087 4178; x_wconf 84' lang='lat' dir='ltr'><strong>Fastorum</strong></span> <span class='ocrx_word' id='word_1_423' title='bbox 2120 4124 2178 4176; x_wconf 89' lang='lat' dir='ltr'><strong>et</strong></span> 
     </span>
    </p>
   </div>
   <div class='ocr_carea' id='block_1_60' title="bbox 524 4210 2178 4284">
    <p class='ocr_par' dir='ltr' id='par_1_60' title="bbox 524 4210 2178 4284">
     <span class='ocr_line' id='line_1_60' title="bbox 524 4210 2178 4284; baseline -0.003 -14"><span class='ocrx_word' id='word_1_424' title='bbox 524 4215 798 4271; x_wconf 85' lang='lat' dir='ltr'><strong>Chronici</strong></span> <span class='ocrx_word' id='word_1_425' title='bbox 829 4216 1100 4271; x_wconf 90' lang='lat' dir='ltr'><strong>eumdem</strong></span> <span class='ocrx_word' id='word_1_426' title='bbox 1134 4232 1262 4270; x_wconf 90' lang='lat' dir='ltr'><strong>esse</strong></span> <span class='ocrx_word' id='word_1_427' title='bbox 1286 4218 1608 4279; x_wconf 90' lang='lat' dir='ltr'><strong>auctorem,</strong></span> <span class='ocrx_word' id='word_1_428' title='bbox 1634 4228 1848 4284; x_wconf 88' lang='lat' dir='ltr'><strong>nempe</strong></span> <span class='ocrx_word' id='word_1_429' title='bbox 1878 4210 2178 4267; x_wconf 84' lang='lat' dir='ltr'><strong>Idatium?</strong></span> 
     </span>
    </p>
   </div>
   <div class='ocr_carea' id='block_1_61' title="bbox 525 4301 2176 4376">
    <p class='ocr_par' dir='ltr' id='par_1_61' title="bbox 525 4301 2176 4376">
     <span class='ocr_line' id='line_1_61' title="bbox 525 4301 2176 4376; baseline -0.002 -18"><span class='ocrx_word' id='word_1_430' title='bbox 525 4304 633 4359; x_wconf 91' lang='lat' dir='ltr'><strong>Sed</strong></span> <span class='ocrx_word' id='word_1_431' title='bbox 658 4320 851 4376; x_wconf 89' lang='lat' dir='ltr'><strong>pergo.</strong></span> <span class='ocrx_word' id='word_1_432' title='bbox 868 4306 1310 4370; x_wconf 89' lang='lat' dir='ltr'><strong>Sirmondus,ut</strong></span> <span class='ocrx_word' id='word_1_433' title='bbox 1328 4305 1432 4359; x_wconf 90' lang='lat' dir='ltr'><strong>hos</strong></span> <span class='ocrx_word' id='word_1_434' title='bbox 1448 4308 1646 4359; x_wconf 87' lang='lat' dir='ltr'><strong>Fastos</strong></span> <span class='ocrx_word' id='word_1_435' title='bbox 1672 4302 1855 4358; x_wconf 91' lang='lat' dir='ltr'><strong>Idatio</strong></span> <span class='ocrx_word' id='word_1_436' title='bbox 1880 4301 2176 4371; x_wconf 84' lang='lat' dir='ltr'><strong>adjudica-</strong></span> 
     </span>
    </p>
   </div>
   <div class='ocr_carea' id='block_1_62' title="bbox 530 4388 2180 4463">
    <p class='ocr_par' dir='ltr' id='par_1_62' title="bbox 530 4388 2180 4463">
     <span class='ocr_line' id='line_1_62' title="bbox 530 4388 2180 4463; baseline -0.002 -16"><span class='ocrx_word' id='word_1_437' title='bbox 530 4396 636 4462; x_wconf 90' lang='lat' dir='ltr'><strong>ret,</strong></span> <span class='ocrx_word' id='word_1_438' title='bbox 671 4391 799 4456; x_wconf 89' lang='lat' dir='ltr'><strong>hac,</strong></span> <span class='ocrx_word' id='word_1_439' title='bbox 834 4397 901 4446; x_wconf 90' lang='lat' dir='ltr'><strong>ut</strong></span> <span class='ocrx_word' id='word_1_440' title='bbox 924 4392 1050 4463; x_wconf 84' lang='lat' dir='ltr'><strong>ipse</strong></span> <span class='ocrx_word' id='word_1_441' title='bbox 1078 4392 1309 4460; x_wconf 82' lang='lat' dir='ltr'><strong>fatetur,</strong></span> <span class='ocrx_word' id='word_1_442' title='bbox 1343 4392 1566 4447; x_wconf 87' lang='lat' dir='ltr'><strong>ratione</strong></span> <span class='ocrx_word' id='word_1_443' title='bbox 1619 4396 1815 4446; x_wconf 89' lang='lat' dir='ltr'><strong>motus</strong></span> <span class='ocrx_word' id='word_1_444' title='bbox 1862 4398 1949 4446; x_wconf 88' lang='lat' dir='ltr'><strong>est</strong></span> <span class='ocrx_word' id='word_1_445' title='bbox 1983 4406 1996 4445; x_wconf 89' lang='lat'><strong>:</strong></span> <span class='ocrx_word' id='word_1_446' title='bbox 2032 4388 2180 4458; x_wconf 85' lang='lat' dir='ltr'><strong>Quod</strong></span> 
     </span>
    </p>
   </div>
   <div class='ocr_carea' id='block_1_63' title="bbox 528 4479 2179 4551">
    <p class='ocr_par' dir='ltr' id='par_1_63' title="bbox 528 4479 2179 4551">
     <span class='ocr_line' id='line_1_63' title="bbox 528 4479 2179 4551; baseline 0 -16"><span class='ocrx_word' id='word_1_447' title='bbox 528 4496 726 4536; x_wconf 84' lang='lat' dir='ltr'><strong>rerum</strong></span> <span class='ocrx_word' id='word_1_448' title='bbox 746 4484 797 4535; x_wconf 84' lang='lat' dir='ltr'><strong>et</strong></span> <span class='ocrx_word' id='word_1_449' title='bbox 818 4481 1105 4535; x_wconf 85' lang='lat' dir='ltr'><strong>verborum</strong></span> <span class='ocrx_word' id='word_1_450' title='bbox 1129 4482 1189 4534; x_wconf 85' lang='lat' dir='ltr'><strong>in</strong></span> <span class='ocrx_word' id='word_1_451' title='bbox 1210 4484 1439 4551; x_wconf 84' lang='lat' dir='ltr'><strong>utroque</strong></span> <span class='ocrx_word' id='word_1_452' title='bbox 1460 4496 1617 4551; x_wconf 88' lang='lat' dir='ltr'><strong>opere</strong></span> <span class='ocrx_word' id='word_1_453' title='bbox 1636 4482 1716 4551; x_wconf 92' lang='lat' dir='ltr'><strong>(in</strong></span> <span class='ocrx_word' id='word_1_454' title='bbox 1740 4480 1925 4535; x_wconf 83' lang='lat' dir='ltr'><strong>Fastis</strong></span> <span class='ocrx_word' id='word_1_455' title='bbox 1957 4479 2102 4550; x_wconf 90' lang='lat' dir='ltr'><strong>ipsis</strong></span> <span class='ocrx_word' id='word_1_456' title='bbox 2123 4484 2179 4535; x_wconf 89' lang='lat' dir='ltr'><strong>et</strong></span> 
     </span>
    </p>
   </div>
   <div class='ocr_carea' id='block_1_64' title="bbox 532 4568 2178 4642">
    <p class='ocr_par' dir='ltr' id='par_1_64' title="bbox 532 4568 2178 4642">
     <span class='ocr_line' id='line_1_64' title="bbox 532 4568 2178 4642; baseline 0 -17"><span class='ocrx_word' id='word_1_457' title='bbox 532 4570 591 4625; x_wconf 91' lang='lat' dir='ltr'><strong>in</strong></span> <span class='ocrx_word' id='word_1_458' title='bbox 624 4568 931 4641; x_wconf 86' lang='lat' dir='ltr'><strong>Chronico)</strong></span> <span class='ocrx_word' id='word_1_459' title='bbox 962 4571 1210 4642; x_wconf 82' lang='lat' dir='ltr'><strong>afﬁnitas</strong></span> <span class='ocrx_word' id='word_1_460' title='bbox 1257 4578 1311 4624; x_wconf 83' lang='lat' dir='ltr'><strong>et</strong></span> <span class='ocrx_word' id='word_1_461' title='bbox 1359 4573 1605 4641; x_wconf 79' lang='lat' dir='ltr'><strong>cognatio</strong></span> <span class='ocrx_word' id='word_1_462' title='bbox 1655 4570 2086 4641; x_wconf 82' lang='lat' dir='ltr'><strong>epocharumque</strong></span> <span class='ocrx_word' id='word_1_463' title='bbox 2114 4586 2178 4625; x_wconf 91' lang='lat' dir='ltr'><strong>ac</strong></span> 
     </span>
    </p>
   </div>
   <div class='ocr_carea' id='block_1_65' title="bbox 530 4641 2254 4733">
    <p class='ocr_par' dir='ltr' id='par_1_65' title="bbox 530 4641 2254 4733">
     <span class='ocr_line' id='line_1_65' title="bbox 530 4641 2254 4733; baseline -0.001 -16"><span class='ocrx_word' id='word_1_464' title='bbox 530 4670 841 4733; x_wconf 78' lang='lat' dir='ltr'><strong>temporum</strong></span> <span class='ocrx_word' id='word_1_465' title='bbox 868 4679 972 4733; x_wconf 90' lang='lat' dir='ltr'><strong>par</strong></span> <span class='ocrx_word' id='word_1_466' title='bbox 1000 4660 1326 4725; x_wconf 76' lang='lat' dir='ltr'><strong>observatio,</strong></span> <span class='ocrx_word' id='word_1_467' title='bbox 1356 4664 1525 4717; x_wconf 84' lang='lat' dir='ltr'><strong>totius</strong></span> <span class='ocrx_word' id='word_1_468' title='bbox 1571 4660 1809 4731; x_wconf 81' lang='lat' dir='ltr'><strong>denique</strong></span> <span class='ocrx_word' id='word_1_469' title='bbox 1855 4661 2176 4732; x_wconf 76' lang='lat' dir='ltr'><strong>scriptionis</strong></span> <span class='ocrx_word' id='word_1_470' title='bbox 2208 4641 2254 4706; x_wconf 83' lang='grc' dir='ltr'>Ῑ)</span> 
     </span>
    </p>
   </div>
   <div class='ocr_carea' id='block_1_66' title="bbox 527 4749 2176 4822">
    <p class='ocr_par' dir='ltr' id='par_1_66' title="bbox 527 4749 2176 4822">
     <span class='ocr_line' id='line_1_66' title="bbox 527 4749 2176 4822; baseline -0.001 -16"><span class='ocrx_word' id='word_1_471' title='bbox 527 4751 677 4806; x_wconf 84' lang='lat' dir='ltr'><strong>color</strong></span> <span class='ocrx_word' id='word_1_472' title='bbox 724 4749 868 4805; x_wconf 82' lang='lat' dir='ltr'><strong>idem</strong></span> <span class='ocrx_word' id='word_1_473' title='bbox 897 4768 961 4807; x_wconf 89' lang='lat' dir='ltr'><strong>ac</strong></span> <span class='ocrx_word' id='word_1_474' title='bbox 1006 4750 1224 4822; x_wconf 86' lang='lat' dir='ltr'><strong>genius,</strong></span> <span class='ocrx_word' id='word_1_475' title='bbox 1264 4750 1513 4805; x_wconf 84' lang='lat' dir='ltr'><strong>eumdem</strong></span> <span class='ocrx_word' id='word_1_476' title='bbox 1560 4749 1849 4820; x_wconf 83' lang='lat' dir='ltr'><strong>utriusque</strong></span> <span class='ocrx_word' id='word_1_477' title='bbox 1904 4758 2176 4806; x_wconf 80' lang='lat' dir='ltr'><strong>auctorem</strong></span> 
     </span>
    </p>
   </div>
   <div class='ocr_carea' id='block_1_67' title="bbox 526 4838 2179 4912">
    <p class='ocr_par' dir='ltr' id='par_1_67' title="bbox 526 4838 2179 4912">
     <span class='ocr_line' id='line_1_67' title="bbox 526 4838 2179 4912; baseline 0.001 -17"><span class='ocrx_word' id='word_1_478' title='bbox 526 4840 705 4912; x_wconf 84' lang='lat' dir='ltr'><strong>fuisse</strong></span> <span class='ocrx_word' id='word_1_479' title='bbox 723 4840 860 4896; x_wconf 77' lang='lat' dir='ltr'><strong>satis</strong></span> <span class='ocrx_word' id='word_1_480' title='bbox 890 4840 1195 4907; x_wconf 82' lang='lat' dir='ltr'><strong>ostendunt,</strong></span> <span class='ocrx_word' id='word_1_481' title='bbox 1218 4842 1434 4896; x_wconf 88' lang='lat' dir='ltr'><strong>tametsi</strong></span> <span class='ocrx_word' id='word_1_482' title='bbox 1460 4838 1703 4895; x_wconf 82' lang='lat' dir='ltr'><strong>auctoris</strong></span> <span class='ocrx_word' id='word_1_483' title='bbox 1733 4855 1928 4894; x_wconf 81' lang='lat' dir='ltr'><strong>nomen</strong></span> <span class='ocrx_word' id='word_1_484' title='bbox 1961 4841 2179 4896; x_wconf 79' lang='lat' dir='ltr'><strong>nullum</strong></span> 
     </span>
    </p>
   </div>
   <div class='ocr_carea' id='block_1_68' title="bbox 530 4929 2176 5003">
    <p class='ocr_par' dir='ltr' id='par_1_68' title="bbox 530 4929 2176 5003">
     <span class='ocr_line' id='line_1_68' title="bbox 530 4929 2176 5003; baseline 0.001 -20"><span class='ocrx_word' id='word_1_485' title='bbox 530 4934 795 5001; x_wconf 65' lang='lat' dir='ltr'><strong>prae/erat</strong></span> <span class='ocrx_word' id='word_1_486' title='bbox 816 4931 1264 5003; x_wconf 63' lang='lat' dir='ltr'><strong>inscriptioﬂaac</strong></span> <span class='ocrx_word' id='word_1_487' title='bbox 1286 4930 1635 4985; x_wconf 91' lang='lat' dir='ltr'><strong>Sirmondus</strong></span> <span class='ocrx_word' id='word_1_488' title='bbox 1660 4929 1717 4983; x_wconf 91' lang='lat' dir='ltr'><strong>in</strong></span> <span class='ocrx_word' id='word_1_489' title='bbox 1748 4929 2084 5001; x_wconf 66' lang='lat' dir='ltr'><strong>praefatione</strong></span> <span class='ocrx_word' id='word_1_490' title='bbox 2106 4930 2176 4984; x_wconf 89' lang='lat' dir='ltr'><strong>ad</strong></span> 
     </span>
    </p>
   </div>
   <div class='ocr_carea' id='block_1_69' title="bbox 531 5018 2176 5091">
    <p class='ocr_par' dir='ltr' id='par_1_69' title="bbox 531 5018 2176 5091">
     <span class='ocr_line' id='line_1_69' title="bbox 531 5018 2176 5091; baseline 0 -17"><span class='ocrx_word' id='word_1_491' title='bbox 531 5019 857 5076; x_wconf 88' lang='lat' dir='ltr'><strong>Chronicon</strong></span> <span class='ocrx_word' id='word_1_492' title='bbox 902 5026 959 5077; x_wconf 89' lang='lat' dir='ltr'><strong>et</strong></span> <span class='ocrx_word' id='word_1_493' title='bbox 1009 5021 1229 5077; x_wconf 86' lang='lat' dir='ltr'><strong>Fastos.</strong></span> <span class='ocrx_word' id='word_1_494' title='bbox 1266 5025 1337 5073; x_wconf 86' lang='lat' dir='ltr'><strong>At</strong></span> <span class='ocrx_word' id='word_1_495' title='bbox 1366 5018 1500 5091; x_wconf 85' lang='lat' dir='ltr'><strong>styli</strong></span> <span class='ocrx_word' id='word_1_496' title='bbox 1530 5018 1899 5086; x_wconf 77' lang='lat' dir='ltr'><strong>affinitatem,</strong></span> <span class='ocrx_word' id='word_1_497' title='bbox 1934 5023 1991 5074; x_wconf 91' lang='lat' dir='ltr'><strong>et</strong></span> <span class='ocrx_word' id='word_1_498' title='bbox 2022 5020 2176 5091; x_wconf 85' lang='lat' dir='ltr'><strong>quod</strong></span> 
     </span>
    </p>
   </div>
   <div class='ocr_carea' id='block_1_70' title="bbox 532 5108 2181 5181">
    <p class='ocr_par' dir='ltr' id='par_1_70' title="bbox 532 5108 2181 5181">
     <span class='ocr_line' id='line_1_70' title="bbox 532 5108 2181 5181; baseline 0 -18"><span class='ocrx_word' id='word_1_499' title='bbox 532 5108 686 5164; x_wconf 91' lang='lat' dir='ltr'><strong>idem</strong></span> <span class='ocrx_word' id='word_1_500' title='bbox 720 5110 798 5165; x_wconf 88' lang='lat' dir='ltr'><strong>sit</strong></span> <span class='ocrx_word' id='word_1_501' title='bbox 828 5111 1135 5181; x_wconf 88' lang='lat' dir='ltr'><strong>utriusque</strong></span> <span class='ocrx_word' id='word_1_502' title='bbox 1182 5108 1386 5179; x_wconf 91' lang='lat' dir='ltr'><strong>scripti</strong></span> <span class='ocrx_word' id='word_1_503' title='bbox 1431 5108 1588 5164; x_wconf 90' lang='lat' dir='ltr'><strong>color</strong></span> <span class='ocrx_word' id='word_1_504' title='bbox 1616 5112 1673 5163; x_wconf 89' lang='lat' dir='ltr'><strong>et</strong></span> <span class='ocrx_word' id='word_1_505' title='bbox 1706 5108 1914 5179; x_wconf 90' lang='lat' dir='ltr'><strong>genius</strong></span> <span class='ocrx_word' id='word_1_506' title='bbox 1962 5114 2181 5181; x_wconf 83' lang='lat' dir='ltr'><strong>negant</strong></span> 
     </span>
    </p>
   </div>
   <div class='ocr_carea' id='block_1_71' title="bbox 531 5198 2181 5271">
    <p class='ocr_par' dir='ltr' id='par_1_71' title="bbox 531 5198 2181 5271">
     <span class='ocr_line' id='line_1_71' title="bbox 531 5198 2181 5271; baseline 0.001 -18"><span class='ocrx_word' id='word_1_507' title='bbox 531 5198 925 5270; x_wconf 87' lang='lat' dir='ltr'><strong>nonnulli,qui</strong></span> <span class='ocrx_word' id='word_1_508' title='bbox 944 5200 1334 5271; x_wconf 72' lang='lat' dir='ltr'><strong>puriuset44</strong></span> <span class='ocrx_word' id='word_1_509' title='bbox 1347 5198 1681 5254; x_wconf 89' lang='lat' dir='ltr'><strong>accuratius</strong></span> <span class='ocrx_word' id='word_1_510' title='bbox 1695 5198 1976 5270; x_wconf 87' lang='lat' dir='ltr'><strong>scriptum</strong></span> <span class='ocrx_word' id='word_1_511' title='bbox 1998 5199 2181 5254; x_wconf 89' lang='lat' dir='ltr'><strong>fuisse</strong></span> 
     </span>
    </p>
   </div>
   <div class='ocr_carea' id='block_1_72' title="bbox 532 5286 2179 5358">
    <p class='ocr_par' dir='ltr' id='par_1_72' title="bbox 532 5286 2179 5358">
     <span class='ocr_line' id='line_1_72' title="bbox 532 5286 2179 5358; baseline 0.001 -18"><span class='ocrx_word' id='word_1_512' title='bbox 532 5286 854 5344; x_wconf 89' lang='lat' dir='ltr'><strong>Chronicon</strong></span> <span class='ocrx_word' id='word_1_513' title='bbox 878 5305 1050 5358; x_wconf 89' lang='lat' dir='ltr'><strong>quam</strong></span> <span class='ocrx_word' id='word_1_514' title='bbox 1069 5289 1273 5343; x_wconf 88' lang='lat' dir='ltr'><strong>Fastos</strong></span> <span class='ocrx_word' id='word_1_515' title='bbox 1297 5287 1737 5342; x_wconf 79' lang='lat' dir='ltr'><strong>affirmant.Sed</strong></span> <span class='ocrx_word' id='word_1_516' title='bbox 1761 5288 2048 5356; x_wconf 88' lang='lat' dir='ltr'><strong>imprimis</strong></span> <span class='ocrx_word' id='word_1_517' title='bbox 2061 5304 2179 5342; x_wconf 91' lang='lat' dir='ltr'><strong>non</strong></span> 
     </span>
    </p>
   </div>
   <div class='ocr_carea' id='block_1_73' title="bbox 530 5375 2178 5448">
    <p class='ocr_par' dir='ltr' id='par_1_73' title="bbox 530 5375 2178 5448">
     <span class='ocr_line' id='line_1_73' title="bbox 530 5375 2178 5448; baseline 0 -18"><span class='ocrx_word' id='word_1_518' title='bbox 530 5379 619 5430; x_wconf 88' lang='lat' dir='ltr'><strong>est</strong></span> <span class='ocrx_word' id='word_1_519' title='bbox 639 5391 743 5430; x_wconf 91' lang='lat' dir='ltr'><strong>cur</strong></span> <span class='ocrx_word' id='word_1_520' title='bbox 765 5376 1059 5448; x_wconf 83' lang='lat' dir='ltr'><strong>quispiam</strong></span> <span class='ocrx_word' id='word_1_521' title='bbox 1092 5376 1259 5431; x_wconf 90' lang='lat' dir='ltr'><strong>Idatii</strong></span> <span class='ocrx_word' id='word_1_522' title='bbox 1297 5375 1673 5431; x_wconf 89' lang='lat' dir='ltr'><strong>Latinitatem</strong></span> <span class='ocrx_word' id='word_1_523' title='bbox 1706 5375 1886 5429; x_wconf 92' lang='lat' dir='ltr'><strong>nimis</strong></span> <span class='ocrx_word' id='word_1_524' title='bbox 1915 5375 2178 5440; x_wconf 87' lang='lat' dir='ltr'><strong>extollat,</strong></span> 
     </span>
    </p>
   </div>
   <div class='ocr_carea' id='block_1_74' title="bbox 533 5464 2180 5535">
    <p class='ocr_par' dir='ltr' id='par_1_74' title="bbox 533 5464 2180 5535">
     <span class='ocr_line' id='line_1_74' title="bbox 533 5464 2180 5535; baseline 0.001 -17"><span class='ocrx_word' id='word_1_525' title='bbox 533 5479 660 5534; x_wconf 73' lang='lat' dir='ltr'><strong>quae</strong></span> <span class='ocrx_word' id='word_1_526' title='bbox 684 5464 825 5520; x_wconf 90' lang='lat' dir='ltr'><strong>satis</strong></span> <span class='ocrx_word' id='word_1_527' title='bbox 848 5470 1073 5521; x_wconf 66' lang='lat' dir='ltr'><strong>aetatem</strong></span> <span class='ocrx_word' id='word_1_528' title='bbox 1098 5482 1265 5521; x_wconf 90' lang='lat' dir='ltr'><strong>suam</strong></span> <span class='ocrx_word' id='word_1_529' title='bbox 1290 5464 1498 5535; x_wconf 89' lang='lat' dir='ltr'><strong>prodit.</strong></span> <span class='ocrx_word' id='word_1_530' title='bbox 1525 5469 1808 5519; x_wconf 61' lang='lat' dir='ltr'><strong>Praeterea</strong></span> <span class='ocrx_word' id='word_1_531' title='bbox 1838 5464 2035 5519; x_wconf 88' lang='lat' dir='ltr'><strong>Fastos</strong></span> <span class='ocrx_word' id='word_1_532' title='bbox 2062 5467 2180 5520; x_wconf 86' lang='lat' dir='ltr'><strong>for-</strong></span> 
     </span>
    </p>
   </div>
   <div class='ocr_carea' id='block_1_75' title="bbox 534 5553 2179 5625">
    <p class='ocr_par' dir='ltr' id='par_1_75' title="bbox 534 5553 2179 5625">
     <span class='ocr_line' id='line_1_75' title="bbox 534 5553 2179 5625; baseline 0.002 -17"><span class='ocrx_word' id='word_1_533' title='bbox 534 5553 683 5608; x_wconf 86' lang='lat' dir='ltr'><strong>sitan</strong></span> <span class='ocrx_word' id='word_1_534' title='bbox 734 5555 955 5625; x_wconf 90' lang='lat' dir='ltr'><strong>privato</strong></span> <span class='ocrx_word' id='word_1_535' title='bbox 1005 5554 1139 5610; x_wconf 91' lang='lat' dir='ltr'><strong>usui</strong></span> <span class='ocrx_word' id='word_1_536' title='bbox 1190 5555 1301 5611; x_wconf 88' lang='lat' dir='ltr'><strong>sibi</strong></span> <span class='ocrx_word' id='word_1_537' title='bbox 1352 5554 1742 5610; x_wconf 86' lang='lat' dir='ltr'><strong>concinnavit.</strong></span> <span class='ocrx_word' id='word_1_538' title='bbox 1774 5556 2017 5618; x_wconf 89' lang='lat' dir='ltr'><strong>Quando</strong></span> <span class='ocrx_word' id='word_1_539' title='bbox 2048 5572 2179 5613; x_wconf 92' lang='lat' dir='ltr'><strong>vero</strong></span> 
     </span>
    </p>
   </div>
   <div class='ocr_carea' id='block_1_76' title="bbox 537 5643 2179 5716">
    <p class='ocr_par' dir='ltr' id='par_1_76' title="bbox 537 5643 2179 5716">
     <span class='ocr_line' id='line_1_76' title="bbox 537 5643 2179 5716; baseline 0.002 -17"><span class='ocrx_word' id='word_1_540' title='bbox 537 5643 670 5715; x_wconf 88' lang='lat' dir='ltr'><strong>quis</strong></span> <span class='ocrx_word' id='word_1_541' title='bbox 690 5644 1080 5714; x_wconf 74' lang='lat' dir='ltr'><strong>privatimsibi</strong></span> <span class='ocrx_word' id='word_1_542' title='bbox 1098 5644 1500 5712; x_wconf 89' lang='lat' dir='ltr'><strong>scribit,nemo</strong></span> <span class='ocrx_word' id='word_1_543' title='bbox 1523 5646 1611 5699; x_wconf 89' lang='lat' dir='ltr'><strong>est</strong></span> <span class='ocrx_word' id='word_1_544' title='bbox 1635 5643 1975 5716; x_wconf 89' lang='lat' dir='ltr'><strong>quinesciat</strong></span> <span class='ocrx_word' id='word_1_545' title='bbox 1988 5646 2179 5703; x_wconf 89' lang='lat' dir='ltr'><strong>verbis</strong></span> 
     </span>
    </p>
   </div>
   <div class='ocr_carea' id='block_1_77' title="bbox 2284 2064 3888 2138">
    <p class='ocr_par' dir='ltr' id='par_1_77' title="bbox 2284 2064 3888 2138">
     <span class='ocr_line' id='line_1_77' title="bbox 2284 2064 3888 2138; baseline -0.001 -18"><span class='ocrx_word' id='word_1_546' title='bbox 2284 2066 2465 2133; x_wconf 89' lang='lat' dir='ltr'><strong>heret,</strong></span> <span class='ocrx_word' id='word_1_547' title='bbox 2490 2070 2545 2120; x_wconf 89' lang='lat' dir='ltr'><strong>et</strong></span> <span class='ocrx_word' id='word_1_548' title='bbox 2563 2066 2633 2121; x_wconf 89' lang='lat' dir='ltr'><strong>de</strong></span> <span class='ocrx_word' id='word_1_549' title='bbox 2654 2067 2828 2122; x_wconf 90' lang='lat' dir='ltr'><strong>rebus</strong></span> <span class='ocrx_word' id='word_1_550' title='bbox 2857 2071 2993 2122; x_wconf 86' lang='lat' dir='ltr'><strong>ante</strong></span> <span class='ocrx_word' id='word_1_551' title='bbox 3022 2083 3243 2122; x_wconf 88' lang='lat' dir='ltr'><strong>annum</strong></span> <span class='ocrx_word' id='word_1_552' title='bbox 3266 2066 3372 2121; x_wconf 77' lang='grc'><strong>400</strong></span> <span class='ocrx_word' id='word_1_553' title='bbox 3394 2066 3575 2138; x_wconf 88' lang='lat' dir='ltr'><strong>gestis</strong></span> <span class='ocrx_word' id='word_1_554' title='bbox 3597 2070 3707 2120; x_wconf 89' lang='lat' dir='ltr'><strong>tam</strong></span> <span class='ocrx_word' id='word_1_555' title='bbox 3730 2064 3888 2119; x_wconf 87' lang='lat' dir='ltr'><strong>multa</strong></span> 
     </span>
    </p>
   </div>
   <div class='ocr_carea' id='block_1_78' title="bbox 2286 2154 3893 2228">
    <p class='ocr_par' dir='ltr' id='par_1_78' title="bbox 2286 2154 3893 2228">
     <span class='ocr_line' id='line_1_78' title="bbox 2286 2154 3893 2228; baseline -0.002 -19"><span class='ocrx_word' id='word_1_556' title='bbox 2286 2158 2569 2219; x_wconf 85' lang='lat' dir='ltr'><strong>narraret,</strong></span> <span class='ocrx_word' id='word_1_557' title='bbox 2586 2156 2993 2225; x_wconf 72' lang='lat' dir='ltr'><strong>praetermissis</strong></span> <span class='ocrx_word' id='word_1_558' title='bbox 3008 2156 3098 2211; x_wconf 92' lang='lat' dir='ltr'><strong>his</strong></span> <span class='ocrx_word' id='word_1_559' title='bbox 3116 2173 3244 2228; x_wconf 69' lang='lat' dir='ltr'><strong>qum</strong></span> <span class='ocrx_word' id='word_1_560' title='bbox 3258 2155 3461 2228; x_wconf 88' lang='lat' dir='ltr'><strong>quinto</strong></span> <span class='ocrx_word' id='word_1_561' title='bbox 3476 2155 3700 2222; x_wconf 78' lang='lat' dir='ltr'><strong>saeculo,</strong></span> <span class='ocrx_word' id='word_1_562' title='bbox 3712 2154 3808 2209; x_wconf 92' lang='lat' dir='ltr'><strong>hoc</strong></span> <span class='ocrx_word' id='word_1_563' title='bbox 3820 2156 3893 2208; x_wconf 81' lang='lat' dir='ltr'><strong>est</strong></span> 
     </span>
    </p>
   </div>
   <div class='ocr_carea' id='block_1_79' title="bbox 2286 2242 3891 2317">
    <p class='ocr_par' dir='ltr' id='par_1_79' title="bbox 2286 2242 3891 2317">
     <span class='ocr_line' id='line_1_79' title="bbox 2286 2242 3891 2317; baseline -0.002 -18"><span class='ocrx_word' id='word_1_564' title='bbox 2286 2262 2413 2316; x_wconf 76' lang='lat' dir='ltr'><strong>quce</strong></span> <span class='ocrx_word' id='word_1_565' title='bbox 2438 2262 2544 2301; x_wconf 90' lang='lat' dir='ltr'><strong>suo</strong></span> <span class='ocrx_word' id='word_1_566' title='bbox 2567 2250 2829 2317; x_wconf 83' lang='lat' dir='ltr'><strong>tempore</strong></span> <span class='ocrx_word' id='word_1_567' title='bbox 2849 2250 2979 2301; x_wconf 88' lang='lat' dir='ltr'><strong>acta</strong></span> <span class='ocrx_word' id='word_1_568' title='bbox 3000 2245 3179 2301; x_wconf 86' lang='lat' dir='ltr'><strong>sunt?</strong></span> <span class='ocrx_word' id='word_1_569' title='bbox 3200 2250 3273 2300; x_wconf 77' lang='lat' dir='ltr'><strong>At</strong></span> <span class='ocrx_word' id='word_1_570' title='bbox 3305 2245 3559 2301; x_wconf 91' lang='lat' dir='ltr'><strong>Idatium</strong></span> <span class='ocrx_word' id='word_1_571' title='bbox 3583 2245 3660 2300; x_wconf 89' lang='lat' dir='ltr'><strong>ita</strong></span> <span class='ocrx_word' id='word_1_572' title='bbox 3683 2243 3783 2299; x_wconf 88' lang='lat' dir='ltr'><strong>sibi</strong></span> <span class='ocrx_word' id='word_1_573' title='bbox 3799 2242 3891 2314; x_wconf 86' lang='lat' dir='ltr'><strong>ipsi</strong></span> 
     </span>
    </p>
   </div>
   <div class='ocr_carea' id='block_1_80' title="bbox 2286 2333 3893 2405">
    <p class='ocr_par' dir='ltr' id='par_1_80' title="bbox 2286 2333 3893 2405">
     <span class='ocr_line' id='line_1_80' title="bbox 2286 2333 3893 2405; baseline -0.002 -16"><span class='ocrx_word' id='word_1_574' title='bbox 2286 2334 2627 2405; x_wconf 88' lang='lat' dir='ltr'><strong>privatoque</strong></span> <span class='ocrx_word' id='word_1_575' title='bbox 2658 2334 2788 2390; x_wconf 89' lang='lat' dir='ltr'><strong>usui</strong></span> <span class='ocrx_word' id='word_1_576' title='bbox 2813 2335 3063 2390; x_wconf 89' lang='lat' dir='ltr'><strong>scribere</strong></span> <span class='ocrx_word' id='word_1_577' title='bbox 3093 2339 3249 2390; x_wconf 91' lang='lat' dir='ltr'><strong>recte</strong></span> <span class='ocrx_word' id='word_1_578' title='bbox 3280 2334 3539 2405; x_wconf 89' lang='lat' dir='ltr'><strong>conjicit,</strong></span> <span class='ocrx_word' id='word_1_579' title='bbox 3560 2334 3691 2405; x_wconf 90' lang='lat' dir='ltr'><strong>quia</strong></span> <span class='ocrx_word' id='word_1_580' title='bbox 3718 2333 3783 2388; x_wconf 82' lang='lat' dir='ltr'><strong>ab</strong></span> <span class='ocrx_word' id='word_1_581' title='bbox 3810 2338 3893 2386; x_wconf 84' lang='lat' dir='ltr'><strong>Ar-</strong></span> 
     </span>
    </p>
   </div>
   <div class='ocr_carea' id='block_1_81' title="bbox 2289 2420 3889 2496">
    <p class='ocr_par' dir='ltr' id='par_1_81' title="bbox 2289 2420 3889 2496">
     <span class='ocr_line' id='line_1_81' title="bbox 2289 2420 3889 2496; baseline -0.004 -16"><span class='ocrx_word' id='word_1_582' title='bbox 2289 2424 2455 2480; x_wconf 88' lang='lat' dir='ltr'><strong>cadio</strong></span> <span class='ocrx_word' id='word_1_583' title='bbox 2486 2430 2543 2479; x_wconf 93' lang='lat' dir='ltr'><strong>et</strong></span> <span class='ocrx_word' id='word_1_584' title='bbox 2565 2424 2818 2479; x_wconf 90' lang='lat' dir='ltr'><strong>Honorio</strong></span> <span class='ocrx_word' id='word_1_585' title='bbox 2832 2426 2901 2479; x_wconf 92' lang='lat' dir='ltr'><strong>ad</strong></span> <span class='ocrx_word' id='word_1_586' title='bbox 2916 2442 3138 2480; x_wconf 88' lang='lat' dir='ltr'><strong>annum</strong></span> <span class='ocrx_word' id='word_1_587' title='bbox 3153 2424 3352 2492; x_wconf 89' lang='lat' dir='ltr'><strong>369,in</strong></span> <span class='ocrx_word' id='word_1_588' title='bbox 3378 2440 3496 2496; x_wconf 91' lang='lat' dir='ltr'><strong>quo</strong></span> <span class='ocrx_word' id='word_1_589' title='bbox 3520 2424 3721 2479; x_wconf 88' lang='lat' dir='ltr'><strong>finiunt</strong></span> <span class='ocrx_word' id='word_1_590' title='bbox 3739 2420 3889 2489; x_wconf 81' lang='lat' dir='ltr'><strong>Pasti,</strong></span> 
     </span>
    </p>
   </div>
   <div class='ocr_carea' id='block_1_82' title="bbox 2290 2515 3893 2588">
    <p class='ocr_par' dir='ltr' id='par_1_82' title="bbox 2290 2515 3893 2588">
     <span class='ocr_line' id='line_1_82' title="bbox 2290 2515 3893 2588; baseline -0.002 -18"><span class='ocrx_word' id='word_1_591' title='bbox 2290 2533 2417 2587; x_wconf 81' lang='lat' dir='ltr'><strong>quae</strong></span> <span class='ocrx_word' id='word_1_592' title='bbox 2441 2515 2554 2569; x_wconf 92' lang='lat' dir='ltr'><strong>sibi</strong></span> <span class='ocrx_word' id='word_1_593' title='bbox 2578 2516 2893 2587; x_wconf 91' lang='lat' dir='ltr'><strong>dignavisa</strong></span> <span class='ocrx_word' id='word_1_594' title='bbox 2909 2523 3040 2571; x_wconf 89' lang='lat' dir='ltr'><strong>sunt</strong></span> <span class='ocrx_word' id='word_1_595' title='bbox 3061 2520 3126 2572; x_wconf 90' lang='lat' dir='ltr'><strong>ut</strong></span> <span class='ocrx_word' id='word_1_596' title='bbox 3148 2516 3478 2588; x_wconf 87' lang='lat' dir='ltr'><strong>posteritati</strong></span> <span class='ocrx_word' id='word_1_597' title='bbox 3496 2516 3893 2579; x_wconf 84' lang='lat' dir='ltr'><strong>mandarentur,</strong></span> 
     </span>
    </p>
   </div>
   <div class='ocr_carea' id='block_1_83' title="bbox 2291 2604 3894 2662">
    <p class='ocr_par' dir='ltr' id='par_1_83' title="bbox 2291 2604 3894 2662">
     <span class='ocr_line' id='line_1_83' title="bbox 2291 2604 3894 2662; baseline -0.002 -3"><span class='ocrx_word' id='word_1_598' title='bbox 2291 2606 2350 2659; x_wconf 90' lang='lat' dir='ltr'><strong>in</strong></span> <span class='ocrx_word' id='word_1_599' title='bbox 2389 2604 2678 2661; x_wconf 89' lang='lat' dir='ltr'><strong>Chronico</strong></span> <span class='ocrx_word' id='word_1_600' title='bbox 2729 2605 3070 2662; x_wconf 85' lang='lat' dir='ltr'><strong>tradiderat.</strong></span> <span class='ocrx_word' id='word_1_601' title='bbox 3120 2609 3404 2661; x_wconf 60' lang='lat' dir='ltr'><strong>Ceterum</strong></span> <span class='ocrx_word' id='word_1_602' title='bbox 3457 2607 3527 2662; x_wconf 92' lang='lat' dir='ltr'><strong>de</strong></span> <span class='ocrx_word' id='word_1_603' title='bbox 3575 2606 3736 2660; x_wconf 88' lang='lat' dir='ltr'><strong>rebus</strong></span> <span class='ocrx_word' id='word_1_604' title='bbox 3785 2604 3894 2657; x_wconf 83' lang='lat' dir='ltr'><strong>ante</strong></span> 
     </span>
    </p>
   </div>
   <div class='ocr_carea' id='block_1_84' title="bbox 2292 2691 3895 2765">
    <p class='ocr_par' dir='ltr' id='par_1_84' title="bbox 2292 2691 3895 2765">
     <span class='ocr_line' id='line_1_84' title="bbox 2292 2691 3895 2765; baseline -0.002 -17"><span class='ocrx_word' id='word_1_605' title='bbox 2292 2694 2569 2765; x_wconf 89' lang='lat' dir='ltr'><strong>Magnum</strong></span> <span class='ocrx_word' id='word_1_606' title='bbox 2628 2695 3024 2751; x_wconf 90' lang='lat' dir='ltr'><strong>Theodosium</strong></span> <span class='ocrx_word' id='word_1_607' title='bbox 3074 2695 3240 2762; x_wconf 89' lang='lat' dir='ltr'><strong>nihil,</strong></span> <span class='ocrx_word' id='word_1_608' title='bbox 3274 2713 3308 2752; x_wconf 92' lang='lat' dir='ltr'><strong>a</strong></span> <span class='ocrx_word' id='word_1_609' title='bbox 3334 2696 3660 2753; x_wconf 89' lang='lat' dir='ltr'><strong>Theodosio</strong></span> <span class='ocrx_word' id='word_1_610' title='bbox 3684 2695 3745 2750; x_wconf 88' lang='lat' dir='ltr'><strong>ad</strong></span> <span class='ocrx_word' id='word_1_611' title='bbox 3771 2691 3895 2746; x_wconf 82' lang='lat' dir='ltr'><strong>ﬁlios</strong></span> 
     </span>
    </p>
   </div>
   <div class='ocr_carea' id='block_1_85' title="bbox 2294 2784 3898 2857">
    <p class='ocr_par' dir='ltr' id='par_1_85' title="bbox 2294 2784 3898 2857">
     <span class='ocr_line' id='line_1_85' title="bbox 2294 2784 3898 2857; baseline -0.003 -18"><span class='ocrx_word' id='word_1_612' title='bbox 2294 2801 2584 2856; x_wconf 87' lang='lat' dir='ltr'><strong>perpauca</strong></span> <span class='ocrx_word' id='word_1_613' title='bbox 2609 2784 2666 2839; x_wconf 93' lang='lat' dir='ltr'><strong>in</strong></span> <span class='ocrx_word' id='word_1_614' title='bbox 2699 2801 2765 2841; x_wconf 93' lang='lat' dir='ltr'><strong>eo</strong></span> <span class='ocrx_word' id='word_1_615' title='bbox 2800 2790 3156 2842; x_wconf 87' lang='lat' dir='ltr'><strong>narraverat.</strong></span> <span class='ocrx_word' id='word_1_616' title='bbox 3192 2787 3463 2843; x_wconf 89' lang='lat' dir='ltr'><strong>Fortasse</strong></span> <span class='ocrx_word' id='word_1_617' title='bbox 3492 2786 3665 2843; x_wconf 89' lang='lat' dir='ltr'><strong>etiam</strong></span> <span class='ocrx_word' id='word_1_618' title='bbox 3697 2786 3898 2857; x_wconf 88' lang='lat' dir='ltr'><strong>pr0pter</strong></span> 
     </span>
    </p>
   </div>
   <div class='ocr_carea' id='block_1_86' title="bbox 2291 2872 3898 2947">
    <p class='ocr_par' dir='ltr' id='par_1_86' title="bbox 2291 2872 3898 2947">
     <span class='ocr_line' id='line_1_86' title="bbox 2291 2872 3898 2947; baseline -0.002 -18"><span class='ocrx_word' id='word_1_619' title='bbox 2291 2873 2677 2945; x_wconf 72' lang='lat' dir='ltr'><strong>chronologiaa</strong></span> <span class='ocrx_word' id='word_1_620' title='bbox 2699 2876 2830 2930; x_wconf 90' lang='lat' dir='ltr'><strong>stud</strong></span> <span class='ocrx_word' id='word_1_621' title='bbox 2840 2875 3117 2947; x_wconf 68' lang='lat' dir='ltr'><strong>ium,qum</strong></span> <span class='ocrx_word' id='word_1_622' title='bbox 3139 2877 3348 2933; x_wconf 86' lang='lat' dir='ltr'><strong>certior</strong></span> <span class='ocrx_word' id='word_1_623' title='bbox 3367 2893 3439 2933; x_wconf 84' lang='lat' dir='ltr'><strong>ex</strong></span> <span class='ocrx_word' id='word_1_624' title='bbox 3458 2877 3606 2933; x_wconf 90' lang='lat' dir='ltr'><strong>serie</strong></span> <span class='ocrx_word' id='word_1_625' title='bbox 3626 2872 3898 2933; x_wconf 85' lang='lat' dir='ltr'><strong>consulum</strong></span> 
     </span>
    </p>
   </div>
   <div class='ocr_carea' id='block_1_87' title="bbox 2292 2963 3898 3039">
    <p class='ocr_par' dir='ltr' id='par_1_87' title="bbox 2292 2963 3898 3039">
     <span class='ocr_line' id='line_1_87' title="bbox 2292 2963 3898 3039; baseline -0.002 -20"><span class='ocrx_word' id='word_1_626' title='bbox 2292 2964 2539 3033; x_wconf 90' lang='lat' dir='ltr'><strong>eruitur,</strong></span> <span class='ocrx_word' id='word_1_627' title='bbox 2588 2965 2791 3021; x_wconf 89' lang='lat' dir='ltr'><strong>Fastos</strong></span> <span class='ocrx_word' id='word_1_628' title='bbox 2846 2966 3222 3038; x_wconf 87' lang='lat' dir='ltr'><strong>conscripsit,</strong></span> <span class='ocrx_word' id='word_1_629' title='bbox 3273 2967 3527 3039; x_wconf 90' lang='lat' dir='ltr'><strong>ideoque</strong></span> <span class='ocrx_word' id='word_1_630' title='bbox 3565 2967 3670 3039; x_wconf 89' lang='lat' dir='ltr'><strong>ipsi</strong></span> <span class='ocrx_word' id='word_1_631' title='bbox 3711 2965 3765 3020; x_wconf 89' lang='lat' dir='ltr'><strong>in</strong></span> <span class='ocrx_word' id='word_1_632' title='bbox 3811 2963 3898 3017; x_wconf 89' lang='lat' dir='ltr'><strong>hoc</strong></span> 
     </span>
    </p>
   </div>
   <div class='ocr_carea' id='block_1_88' title="bbox 2293 3051 3900 3129">
    <p class='ocr_par' dir='ltr' id='par_1_88' title="bbox 2293 3051 3900 3129">
     <span class='ocr_line' id='line_1_88' title="bbox 2293 3051 3900 3129; baseline -0.002 -20"><span class='ocrx_word' id='word_1_633' title='bbox 2293 3070 2465 3126; x_wconf 89' lang='lat' dir='ltr'><strong>opere</strong></span> <span class='ocrx_word' id='word_1_634' title='bbox 2496 3055 2911 3111; x_wconf 86' lang='lat' dir='ltr'><strong>consulatuum</strong></span> <span class='ocrx_word' id='word_1_635' title='bbox 2943 3055 3035 3111; x_wconf 90' lang='lat' dir='ltr'><strong>sui</strong></span> <span class='ocrx_word' id='word_1_636' title='bbox 3071 3057 3355 3129; x_wconf 89' lang='lat' dir='ltr'><strong>temporis</strong></span> <span class='ocrx_word' id='word_1_637' title='bbox 3389 3057 3579 3129; x_wconf 90' lang='lat' dir='ltr'><strong>potior</strong></span> <span class='ocrx_word' id='word_1_638' title='bbox 3607 3070 3769 3128; x_wconf 88' lang='lat' dir='ltr'><strong>quam</strong></span> <span class='ocrx_word' id='word_1_639' title='bbox 3799 3051 3900 3108; x_wconf 88' lang='lat' dir='ltr'><strong>his-</strong></span> 
     </span>
    </p>
   </div>
   <div class='ocr_carea' id='block_1_89' title="bbox 2292 3143 2785 3199">
    <p class='ocr_par' dir='ltr' id='par_1_89' title="bbox 2292 3143 2785 3199">
     <span class='ocr_line' id='line_1_89' title="bbox 2292 3143 2785 3199; baseline 0.002 -1"><span class='ocrx_word' id='word_1_640' title='bbox 2292 3143 2454 3198; x_wconf 66' lang='lat' dir='ltr'><strong>toriae</strong></span> <span class='ocrx_word' id='word_1_641' title='bbox 2486 3160 2627 3199; x_wconf 91' lang='lat' dir='ltr'><strong>cura</strong></span> <span class='ocrx_word' id='word_1_642' title='bbox 2656 3144 2785 3199; x_wconf 82' lang='lat' dir='ltr'><strong>fuit.</strong></span> 
     </span>
    </p>
   </div>
   <div class='ocr_carea' id='block_1_90' title="bbox 2364 3232 3901 3306">
    <p class='ocr_par' dir='ltr' id='par_1_90' title="bbox 2364 3232 3901 3306">
     <span class='ocr_line' id='line_1_90' title="bbox 2364 3232 3901 3306; baseline -0.002 -18"><span class='ocrx_word' id='word_1_643' title='bbox 2364 3234 2460 3290; x_wconf 74' lang='lat'><strong>45</strong></span> <span class='ocrx_word' id='word_1_644' title='bbox 2480 3234 2564 3289; x_wconf 83' lang='grc'><strong>40.</strong></span> <span class='ocrx_word' id='word_1_645' title='bbox 2587 3234 2698 3289; x_wconf 92' lang='lat' dir='ltr'><strong>Sed</strong></span> <span class='ocrx_word' id='word_1_646' title='bbox 2714 3234 3143 3305; x_wconf 88' lang='lat' dir='ltr'><strong>videamusjam</strong></span> <span class='ocrx_word' id='word_1_647' title='bbox 3159 3250 3433 3306; x_wconf 67' lang='lat' dir='ltr'><strong>quaenam</strong></span> <span class='ocrx_word' id='word_1_648' title='bbox 3448 3235 3507 3290; x_wconf 92' lang='lat' dir='ltr'><strong>in</strong></span> <span class='ocrx_word' id='word_1_649' title='bbox 3522 3232 3901 3303; x_wconf 85' lang='lat' dir='ltr'><strong>Fastisimpro-</strong></span> 
     </span>
    </p>
   </div>
   <div class='ocr_carea' id='block_1_91' title="bbox 2294 3320 3902 3395">
    <p class='ocr_par' dir='ltr' id='par_1_91' title="bbox 2294 3320 3902 3395">
     <span class='ocr_line' id='line_1_91' title="bbox 2294 3320 3902 3395; baseline -0.002 -19"><span class='ocrx_word' id='word_1_650' title='bbox 2294 3322 2452 3391; x_wconf 92' lang='lat' dir='ltr'><strong>bent,</strong></span> <span class='ocrx_word' id='word_1_651' title='bbox 2478 3323 2578 3393; x_wconf 93' lang='lat' dir='ltr'><strong>qui</strong></span> <span class='ocrx_word' id='word_1_652' title='bbox 2603 3324 2816 3395; x_wconf 81' lang='lat' dir='ltr'><strong>stylum</strong></span> <span class='ocrx_word' id='word_1_653' title='bbox 2842 3327 3151 3379; x_wconf 90' lang='lat' dir='ltr'><strong>causantes</strong></span> <span class='ocrx_word' id='word_1_654' title='bbox 3174 3340 3274 3379; x_wconf 89' lang='lat' dir='ltr'><strong>eos</strong></span> <span class='ocrx_word' id='word_1_655' title='bbox 3297 3324 3485 3379; x_wconf 89' lang='lat' dir='ltr'><strong>Idatio</strong></span> <span class='ocrx_word' id='word_1_656' title='bbox 3509 3324 3791 3394; x_wconf 85' lang='lat' dir='ltr'><strong>abrogant.</strong></span> <span class='ocrx_word' id='word_1_657' title='bbox 3807 3320 3902 3374; x_wconf 81' lang='lat' dir='ltr'><strong>Ista</strong></span> 
     </span>
    </p>
   </div>
   <div class='ocr_carea' id='block_1_92' title="bbox 2286 3411 3904 3485">
    <p class='ocr_par' dir='ltr' id='par_1_92' title="bbox 2286 3411 3904 3485">
     <span class='ocr_line' id='line_1_92' title="bbox 2286 3411 3904 3485; baseline -0.002 -20"><span class='ocrx_word' id='word_1_658' title='bbox 2286 3411 2567 3467; x_wconf 89' lang='lat' dir='ltr'><strong>nimirum</strong></span> <span class='ocrx_word' id='word_1_659' title='bbox 2596 3430 2609 3468; x_wconf 90' lang='lat'><strong>:</strong></span> <span class='ocrx_word' id='word_1_660' title='bbox 2634 3414 2708 3467; x_wconf 88' lang='lat' dir='ltr'><strong>ad</strong></span> <span class='ocrx_word' id='word_1_661' title='bbox 2735 3413 3024 3485; x_wconf 82' lang='lat' dir='ltr'><strong>fossatum,</strong></span> <span class='ocrx_word' id='word_1_662' title='bbox 3053 3412 3347 3481; x_wconf 86' lang='lat' dir='ltr'><strong>Romania,</strong></span> <span class='ocrx_word' id='word_1_663' title='bbox 3377 3412 3591 3469; x_wconf 85' lang='lat' dir='ltr'><strong>levatus</strong></span> <span class='ocrx_word' id='word_1_664' title='bbox 3605 3416 3677 3469; x_wconf 86' lang='lat' dir='ltr'><strong>est</strong></span> <span class='ocrx_word' id='word_1_665' title='bbox 3692 3412 3904 3481; x_wconf 84' lang='lat' dir='ltr'><strong>impera-</strong></span> 
     </span>
    </p>
   </div>
   <div class='ocr_carea' id='block_1_93' title="bbox 2283 3502 3899 3573">
    <p class='ocr_par' dir='ltr' id='par_1_93' title="bbox 2283 3502 3899 3573">
     <span class='ocr_line' id='line_1_93' title="bbox 2283 3502 3899 3573; baseline -0.003 -17"><span class='ocrx_word' id='word_1_666' title='bbox 2283 3505 2387 3557; x_wconf 85' lang='lat' dir='ltr'><strong>tor.</strong></span> <span class='ocrx_word' id='word_1_667' title='bbox 2422 3502 2663 3558; x_wconf 81' lang='lat' dir='ltr'><strong>Addunt</strong></span> <span class='ocrx_word' id='word_1_668' title='bbox 2706 3506 2985 3573; x_wconf 63' lang='lat' dir='ltr'><strong>preterea</strong></span> <span class='ocrx_word' id='word_1_669' title='bbox 3030 3507 3328 3559; x_wconf 86' lang='lat' dir='ltr'><strong>auctorem</strong></span> <span class='ocrx_word' id='word_1_670' title='bbox 3382 3505 3682 3559; x_wconf 80' lang='lat' dir='ltr'><strong>Fastorum</strong></span> <span class='ocrx_word' id='word_1_671' title='bbox 3727 3512 3899 3571; x_wconf 87' lang='lat' dir='ltr'><strong>parum</strong></span> 
     </span>
    </p>
   </div>
   <div class='ocr_carea' id='block_1_94' title="bbox 2284 3590 3900 3662">
    <p class='ocr_par' dir='ltr' id='par_1_94' title="bbox 2284 3590 3900 3662">
     <span class='ocr_line' id='line_1_94' title="bbox 2284 3590 3900 3662; baseline -0.001 -18"><span class='ocrx_word' id='word_1_672' title='bbox 2284 3590 2465 3646; x_wconf 89' lang='lat' dir='ltr'><strong>fuisse</strong></span> <span class='ocrx_word' id='word_1_673' title='bbox 2480 3596 2815 3647; x_wconf 84' lang='lat' dir='ltr'><strong>accuratum</strong></span> <span class='ocrx_word' id='word_1_674' title='bbox 2833 3592 2888 3647; x_wconf 91' lang='lat' dir='ltr'><strong>in</strong></span> <span class='ocrx_word' id='word_1_675' title='bbox 2904 3590 3779 3662; x_wconf 82' lang='lat' dir='ltr'><strong>eclipsibusnotandis,ldatium</strong></span> <span class='ocrx_word' id='word_1_676' title='bbox 3793 3600 3900 3641; x_wconf 86' lang='lat' dir='ltr'><strong>vero</strong></span> 
     </span>
    </p>
   </div>
   <div class='ocr_carea' id='block_1_95' title="bbox 2284 3678 3901 3753">
    <p class='ocr_par' dir='ltr' id='par_1_95' title="bbox 2284 3678 3901 3753">
     <span class='ocr_line' id='line_1_95' title="bbox 2284 3678 3901 3753; baseline -0.002 -20"><span class='ocrx_word' id='word_1_677' title='bbox 2284 3680 2343 3734; x_wconf 91' lang='lat' dir='ltr'><strong>in</strong></span> <span class='ocrx_word' id='word_1_678' title='bbox 2368 3680 2652 3737; x_wconf 91' lang='lat' dir='ltr'><strong>Chronico</strong></span> <span class='ocrx_word' id='word_1_679' title='bbox 2674 3680 3220 3753; x_wconf 87' lang='lat' dir='ltr'><strong>diligentissimum.</strong></span> <span class='ocrx_word' id='word_1_680' title='bbox 3238 3680 3657 3737; x_wconf 89' lang='lat' dir='ltr'><strong>Verumtamen</strong></span> <span class='ocrx_word' id='word_1_681' title='bbox 3680 3683 3740 3734; x_wconf 90' lang='lat' dir='ltr'><strong>ut</strong></span> <span class='ocrx_word' id='word_1_682' title='bbox 3758 3678 3901 3732; x_wconf 74' lang='lat' dir='ltr'><strong>aFos-</strong></span> 
     </span>
    </p>
   </div>
   <div class='ocr_carea' id='block_1_96' title="bbox 2282 3763 3896 3842">
    <p class='ocr_par' dir='ltr' id='par_1_96' title="bbox 2282 3763 3896 3842">
     <span class='ocr_line' id='line_1_96' title="bbox 2282 3763 3896 3842; baseline -0.004 -15"><span class='ocrx_word' id='word_1_683' title='bbox 2282 3779 2399 3827; x_wconf 82' lang='lat' dir='ltr'><strong>sato</strong></span> <span class='ocrx_word' id='word_1_684' title='bbox 2429 3770 2731 3842; x_wconf 91' lang='lat' dir='ltr'><strong>incipiam,</strong></span> <span class='ocrx_word' id='word_1_685' title='bbox 2756 3770 2897 3824; x_wconf 91' lang='lat' dir='ltr'><strong>dum</strong></span> <span class='ocrx_word' id='word_1_686' title='bbox 2920 3774 3123 3825; x_wconf 90' lang='lat' dir='ltr'><strong>auctor</strong></span> <span class='ocrx_word' id='word_1_687' title='bbox 3150 3770 3460 3825; x_wconf 86' lang='lat' dir='ltr'><strong>Fastorum</strong></span> <span class='ocrx_word' id='word_1_688' title='bbox 3493 3768 3786 3825; x_wconf 89' lang='lat' dir='ltr'><strong>consulatu</strong></span> <span class='ocrx_word' id='word_1_689' title='bbox 3804 3763 3896 3817; x_wconf 77' lang='lat' dir='ltr'><strong>Va-</strong></span> 
     </span>
    </p>
   </div>
   <div class='ocr_carea' id='block_1_97' title="bbox 2282 3857 3901 3929">
    <p class='ocr_par' dir='ltr' id='par_1_97' title="bbox 2282 3857 3901 3929">
     <span class='ocr_line' id='line_1_97' title="bbox 2282 3857 3901 3929; baseline -0.004 -13"><span class='ocrx_word' id='word_1_690' title='bbox 2282 3860 2457 3916; x_wconf 90' lang='lat' dir='ltr'><strong>lentis</strong></span> <span class='ocrx_word' id='word_1_691' title='bbox 2495 3864 2654 3915; x_wconf 87' lang='lat' dir='ltr'><strong>sexto</strong></span> <span class='ocrx_word' id='word_1_692' title='bbox 2703 3859 2783 3914; x_wconf 88' lang='lat' dir='ltr'><strong>ita</strong></span> <span class='ocrx_word' id='word_1_693' title='bbox 2832 3860 3037 3915; x_wconf 92' lang='lat' dir='ltr'><strong>scribit</strong></span> <span class='ocrx_word' id='word_1_694' title='bbox 3064 3877 3077 3913; x_wconf 88' lang='lat'><strong>:</strong></span> <span class='ocrx_word' id='word_1_695' title='bbox 3101 3860 3390 3929; x_wconf 77' lang='lat' dir='ltr'><strong>Profectus</strong></span> <span class='ocrx_word' id='word_1_696' title='bbox 3420 3864 3497 3915; x_wconf 86' lang='lat' dir='ltr'><strong>est</strong></span> <span class='ocrx_word' id='word_1_697' title='bbox 3530 3860 3717 3915; x_wconf 79' lang='lat' dir='ltr'><strong>Valens</strong></span> <span class='ocrx_word' id='word_1_698' title='bbox 3740 3857 3901 3923; x_wconf 51' lang='lat' dir='ltr'><strong>Augu.</strong></span> 
     </span>
    </p>
   </div>
   <div class='ocr_carea' id='block_1_98' title="bbox 2284 3940 3897 4021">
    <p class='ocr_par' dir='ltr' id='par_1_98' title="bbox 2284 3940 3897 4021">
     <span class='ocr_line' id='line_1_98' title="bbox 2284 3940 3897 4021; baseline -0.007 -16"><span class='ocrx_word' id='word_1_699' title='bbox 2284 3959 2400 4005; x_wconf 83' lang='lat' dir='ltr'><strong>stus</strong></span> <span class='ocrx_word' id='word_1_700' title='bbox 2420 3966 2491 4005; x_wconf 73' lang='lat' dir='ltr'><strong>ea:</strong></span> <span class='ocrx_word' id='word_1_701' title='bbox 2509 3950 2639 4004; x_wconf 84' lang='lat' dir='ltr'><strong>urbe</strong></span> <span class='ocrx_word' id='word_1_702' title='bbox 2659 3950 2731 4004; x_wconf 84' lang='lat' dir='ltr'><strong>ad</strong></span> <span class='ocrx_word' id='word_1_703' title='bbox 2753 3951 3051 4017; x_wconf 80' lang='lat' dir='ltr'><strong>Fossatum,</strong></span> <span class='ocrx_word' id='word_1_704' title='bbox 3077 3949 3216 4021; x_wconf 91' lang='lat' dir='ltr'><strong>quid</strong></span> <span class='ocrx_word' id='word_1_705' title='bbox 3242 3950 3437 4005; x_wconf 88' lang='lat' dir='ltr'><strong>doctis</strong></span> <span class='ocrx_word' id='word_1_706' title='bbox 3457 3949 3597 4005; x_wconf 89' lang='lat' dir='ltr'><strong>viris</strong></span> <span class='ocrx_word' id='word_1_707' title='bbox 3620 3940 3897 4017; x_wconf 77' lang='lat' dir='ltr'><strong>displicet?</strong></span> 
     </span>
    </p>
   </div>
   <div class='ocr_carea' id='block_1_99' title="bbox 2283 4036 3903 4103">
    <p class='ocr_par' dir='ltr' id='par_1_99' title="bbox 2283 4036 3903 4103">
     <span class='ocr_line' id='line_1_99' title="bbox 2283 4036 3903 4103; baseline -0.004 -10"><span class='ocrx_word' id='word_1_708' title='bbox 2283 4039 2606 4094; x_wconf 88' lang='lat' dir='ltr'><strong>verbumne</strong></span> <span class='ocrx_word' id='word_1_709' title='bbox 2639 4038 2748 4093; x_wconf 92' lang='lat' dir='ltr'><strong>hoc</strong></span> <span class='ocrx_word' id='word_1_710' title='bbox 2782 4040 3077 4103; x_wconf 78' lang='lat' dir='ltr'><strong>Fossatum,</strong></span> <span class='ocrx_word' id='word_1_711' title='bbox 3114 4055 3185 4093; x_wconf 90' lang='lat' dir='ltr'><strong>an</strong></span> <span class='ocrx_word' id='word_1_712' title='bbox 3219 4038 3627 4095; x_wconf 84' lang='lat' dir='ltr'><strong>constructio?</strong></span> <span class='ocrx_word' id='word_1_713' title='bbox 3654 4036 3755 4093; x_wconf 87' lang='lat' dir='ltr'><strong>Sed</strong></span> <span class='ocrx_word' id='word_1_714' title='bbox 3786 4047 3903 4088; x_wconf 90' lang='lat' dir='ltr'><strong>con-</strong></span> 
     </span>
    </p>
   </div>
   <div class='ocr_carea' id='block_1_100' title="bbox 2284 4119 3899 4200">
    <p class='ocr_par' dir='ltr' id='par_1_100' title="bbox 2284 4119 3899 4200">
     <span class='ocr_line' id='line_1_100' title="bbox 2284 4119 3899 4200; baseline -0.006 -16"><span class='ocrx_word' id='word_1_715' title='bbox 2284 4128 2528 4184; x_wconf 80' lang='lat' dir='ltr'><strong>structio</strong></span> <span class='ocrx_word' id='word_1_716' title='bbox 2551 4129 2648 4200; x_wconf 89' lang='lat' dir='ltr'><strong>qui</strong></span> <span class='ocrx_word' id='word_1_717' title='bbox 2674 4132 2886 4200; x_wconf 89' lang='lat' dir='ltr'><strong>potest,</strong></span> <span class='ocrx_word' id='word_1_718' title='bbox 2911 4144 3045 4182; x_wconf 91' lang='lat' dir='ltr'><strong>cum</strong></span> <span class='ocrx_word' id='word_1_719' title='bbox 3068 4127 3165 4187; x_wconf 88' lang='lat' dir='ltr'><strong>sit,</strong></span> <span class='ocrx_word' id='word_1_720' title='bbox 3187 4132 3253 4182; x_wconf 90' lang='lat' dir='ltr'><strong>ut</strong></span> <span class='ocrx_word' id='word_1_721' title='bbox 3283 4128 3362 4182; x_wconf 88' lang='lat' dir='ltr'><strong>ita</strong></span> <span class='ocrx_word' id='word_1_722' title='bbox 3399 4128 3611 4193; x_wconf 88' lang='lat' dir='ltr'><strong>dicam,</strong></span> <span class='ocrx_word' id='word_1_723' title='bbox 3630 4119 3899 4181; x_wconf 88' lang='lat' dir='ltr'><strong>Latinissi-</strong></span> 
     </span>
    </p>
   </div>
   <div class='ocr_carea' id='block_1_101' title="bbox 2286 4212 3900 4289">
    <p class='ocr_par' dir='ltr' id='par_1_101' title="bbox 2286 4212 3900 4289">
     <span class='ocr_line' id='line_1_101' title="bbox 2286 4212 3900 4289; baseline -0.005 -18"><span class='ocrx_word' id='word_1_724' title='bbox 2286 4218 2419 4272; x_wconf 87' lang='lat' dir='ltr'><strong>ma?</strong></span> <span class='ocrx_word' id='word_1_725' title='bbox 2441 4218 2588 4289; x_wconf 85' lang='lat' dir='ltr'><strong>Ergo</strong></span> <span class='ocrx_word' id='word_1_726' title='bbox 2610 4234 2717 4272; x_wconf 87' lang='lat' dir='ltr'><strong>vox</strong></span> <span class='ocrx_word' id='word_1_727' title='bbox 2746 4218 3081 4271; x_wconf 84' lang='lat' dir='ltr'><strong>Fossatum?</strong></span> <span class='ocrx_word' id='word_1_728' title='bbox 3111 4216 3285 4288; x_wconf 84' lang='lat' dir='ltr'><strong>Atqui</strong></span> <span class='ocrx_word' id='word_1_729' title='bbox 3322 4216 3503 4271; x_wconf 87' lang='lat' dir='ltr'><strong>Plinii</strong></span> <span class='ocrx_word' id='word_1_730' title='bbox 3536 4212 3786 4271; x_wconf 83' lang='lat' dir='ltr'><strong>historici</strong></span> <span class='ocrx_word' id='word_1_731' title='bbox 3804 4224 3900 4265; x_wconf 58' lang='lat' dir='ltr'><strong>aevo</strong></span> 
     </span>
    </p>
   </div>
   <div class='ocr_carea' id='block_1_102' title="bbox 2278 4302 3897 4374">
    <p class='ocr_par' dir='ltr' id='par_1_102' title="bbox 2278 4302 3897 4374">
     <span class='ocr_line' id='line_1_102' title="bbox 2278 4302 3897 4374; baseline -0.005 -15"><span class='ocrx_word' id='word_1_732' title='bbox 2278 4305 2432 4374; x_wconf 86' lang='lat' dir='ltr'><strong>juris</strong></span> <span class='ocrx_word' id='word_1_733' title='bbox 2453 4310 2576 4361; x_wconf 89' lang='lat' dir='ltr'><strong>erat</strong></span> <span class='ocrx_word' id='word_1_734' title='bbox 2598 4305 2765 4373; x_wconf 86' lang='lat' dir='ltr'><strong>Latii,</strong></span> <span class='ocrx_word' id='word_1_735' title='bbox 2791 4310 2855 4360; x_wconf 88' lang='lat' dir='ltr'><strong>ut</strong></span> <span class='ocrx_word' id='word_1_736' title='bbox 2886 4305 3147 4360; x_wconf 82' lang='lat' dir='ltr'><strong>indicant</strong></span> <span class='ocrx_word' id='word_1_737' title='bbox 3168 4305 3341 4360; x_wconf 70' lang='lat' dir='ltr'><strong>varias</strong></span> <span class='ocrx_word' id='word_1_738' title='bbox 3361 4304 3642 4361; x_wconf 89' lang='lat' dir='ltr'><strong>lectiones</strong></span> <span class='ocrx_word' id='word_1_739' title='bbox 3658 4302 3897 4358; x_wconf 88' lang='lat' dir='ltr'><strong>Codicum</strong></span> 
     </span>
    </p>
   </div>
   <div class='ocr_carea' id='block_1_103' title="bbox 2285 4390 3897 4466">
    <p class='ocr_par' dir='ltr' id='par_1_103' title="bbox 2285 4390 3897 4466">
     <span class='ocr_line' id='line_1_103' title="bbox 2285 4390 3897 4466; baseline -0.005 -17"><span class='ocrx_word' id='word_1_740' title='bbox 2285 4395 2394 4449; x_wconf 87' lang='lat' dir='ltr'><strong>Ms.</strong></span> <span class='ocrx_word' id='word_1_741' title='bbox 2431 4395 2543 4465; x_wconf 91' lang='lat' dir='ltr'><strong>ipsi</strong></span> <span class='ocrx_word' id='word_1_742' title='bbox 2575 4395 2733 4466; x_wconf 90' lang='lat' dir='ltr'><strong>operi</strong></span> <span class='ocrx_word' id='word_1_743' title='bbox 2768 4396 3033 4466; x_wconf 66' lang='lat' dir='ltr'><strong>ascriptis</strong></span> <span class='ocrx_word' id='word_1_744' title='bbox 3077 4394 3176 4466; x_wconf 91' lang='lat' dir='ltr'><strong>(a).</strong></span> <span class='ocrx_word' id='word_1_745' title='bbox 3207 4394 3262 4449; x_wconf 88' lang='lat' dir='ltr'><strong>Si</strong></span> <span class='ocrx_word' id='word_1_746' title='bbox 3292 4398 3497 4450; x_wconf 88' lang='lat' dir='ltr'><strong>tamen</strong></span> <span class='ocrx_word' id='word_1_747' title='bbox 3528 4390 3897 4449; x_wconf 88' lang='lat' dir='ltr'><strong>testimonium</strong></span> 
     </span>
    </p>
   </div>
   <div class='ocr_carea' id='block_1_104' title="bbox 2283 4478 3902 4555">
    <p class='ocr_par' dir='ltr' id='par_1_104' title="bbox 2283 4478 3902 4555">
     <span class='ocr_line' id='line_1_104' title="bbox 2283 4478 3902 4555; baseline -0.005 -18"><span class='ocrx_word' id='word_1_748' title='bbox 2283 4483 2442 4538; x_wconf 92' lang='lat' dir='ltr'><strong>istud</strong></span> <span class='ocrx_word' id='word_1_749' title='bbox 2472 4502 2583 4538; x_wconf 91' lang='lat' dir='ltr'><strong>non</strong></span> <span class='ocrx_word' id='word_1_750' title='bbox 2605 4485 2790 4555; x_wconf 89' lang='lat' dir='ltr'><strong>placet</strong></span> <span class='ocrx_word' id='word_1_751' title='bbox 2806 4483 3591 4555; x_wconf 87' lang='lat' dir='ltr'><strong>quiaincertum,alialdatio</strong></span> <span class='ocrx_word' id='word_1_752' title='bbox 3604 4478 3902 4549; x_wconf 86' lang='lat' dir='ltr'><strong>antiquiora</strong></span> 
     </span>
    </p>
   </div>
   <div class='ocr_carea' id='block_1_105' title="bbox 2285 4568 3905 4646">
    <p class='ocr_par' dir='ltr' id='par_1_105' title="bbox 2285 4568 3905 4646">
     <span class='ocr_line' id='line_1_105' title="bbox 2285 4568 3905 4646; baseline -0.004 -21"><span class='ocrx_word' id='word_1_753' title='bbox 2285 4572 2517 4628; x_wconf 87' lang='lat' dir='ltr'><strong>exhibet</strong></span> <span class='ocrx_word' id='word_1_754' title='bbox 2547 4574 2937 4629; x_wconf 84' lang='lat' dir='ltr'><strong>Gothofredus</strong></span> <span class='ocrx_word' id='word_1_755' title='bbox 2969 4578 3284 4629; x_wconf 88' lang='lat' dir='ltr'><strong>comment.</strong></span> <span class='ocrx_word' id='word_1_756' title='bbox 3312 4574 3371 4629; x_wconf 92' lang='lat' dir='ltr'><strong>in</strong></span> <span class='ocrx_word' id='word_1_757' title='bbox 3405 4574 3518 4646; x_wconf 91' lang='lat' dir='ltr'><strong>leg.</strong></span> <span class='ocrx_word' id='word_1_758' title='bbox 3540 4574 3567 4628; x_wconf 89' lang='grc'><strong>1</strong></span> <span class='ocrx_word' id='word_1_759' title='bbox 3603 4573 3669 4627; x_wconf 87' lang='lat' dir='ltr'><strong>de</strong></span> <span class='ocrx_word' id='word_1_760' title='bbox 3703 4568 3905 4626; x_wconf 87' lang='lat' dir='ltr'><strong>Limita—</strong></span> 
     </span>
    </p>
   </div>
   <div class='ocr_carea' id='block_1_106' title="bbox 2287 4654 3903 4733">
    <p class='ocr_par' dir='ltr' id='par_1_106' title="bbox 2287 4654 3903 4733">
     <span class='ocr_line' id='line_1_106' title="bbox 2287 4654 3903 4733; baseline -0.004 -17"><span class='ocrx_word' id='word_1_761' title='bbox 2287 4664 2404 4717; x_wconf 83' lang='lat' dir='ltr'><strong>neis</strong></span> <span class='ocrx_word' id='word_1_762' title='bbox 2434 4662 2573 4718; x_wconf 88' lang='lat' dir='ltr'><strong>Cod.</strong></span> <span class='ocrx_word' id='word_1_763' title='bbox 2609 4663 2851 4729; x_wconf 90' lang='lat' dir='ltr'><strong>Theod.,</strong></span> <span class='ocrx_word' id='word_1_764' title='bbox 2875 4679 2992 4733; x_wconf 89' lang='lat' dir='ltr'><strong>qua</strong></span> <span class='ocrx_word' id='word_1_765' title='bbox 3022 4663 3080 4717; x_wconf 92' lang='lat' dir='ltr'><strong>in</strong></span> <span class='ocrx_word' id='word_1_766' title='bbox 3109 4662 3234 4733; x_wconf 89' lang='lat' dir='ltr'><strong>lege</strong></span> <span class='ocrx_word' id='word_1_767' title='bbox 3266 4679 3373 4719; x_wconf 86' lang='lat' dir='ltr'><strong>vox</strong></span> <span class='ocrx_word' id='word_1_768' title='bbox 3402 4665 3683 4719; x_wconf 82' lang='lat' dir='ltr'><strong>Fossatum</strong></span> <span class='ocrx_word' id='word_1_769' title='bbox 3714 4654 3903 4729; x_wconf 88' lang='lat' dir='ltr'><strong>reperi-</strong></span> 
     </span>
    </p>
   </div>
   <div class='ocr_carea' id='block_1_107' title="bbox 2288 4745 3900 4823">
    <p class='ocr_par' dir='ltr' id='par_1_107' title="bbox 2288 4745 3900 4823">
     <span class='ocr_line' id='line_1_107' title="bbox 2288 4745 3900 4823; baseline -0.006 -16"><span class='ocrx_word' id='word_1_770' title='bbox 2288 4756 2419 4820; x_wconf 85' lang='lat' dir='ltr'><strong>tur;</strong></span> <span class='ocrx_word' id='word_1_771' title='bbox 2453 4753 2687 4823; x_wconf 88' lang='lat' dir='ltr'><strong>lataque</strong></span> <span class='ocrx_word' id='word_1_772' title='bbox 2716 4752 2817 4807; x_wconf 91' lang='lat' dir='ltr'><strong>illa</strong></span> <span class='ocrx_word' id='word_1_773' title='bbox 2844 4757 2931 4808; x_wconf 92' lang='lat' dir='ltr'><strong>est</strong></span> <span class='ocrx_word' id='word_1_774' title='bbox 2956 4768 3107 4807; x_wconf 88' lang='lat' dir='ltr'><strong>anno</strong></span> <span class='ocrx_word' id='word_1_775' title='bbox 3138 4753 3262 4821; x_wconf 82' lang='grc'><strong>409,</strong></span> <span class='ocrx_word' id='word_1_776' title='bbox 3296 4753 3661 4823; x_wconf 87' lang='lat' dir='ltr'><strong>sexagesimo</strong></span> <span class='ocrx_word' id='word_1_777' title='bbox 3708 4745 3900 4805; x_wconf 86' lang='lat' dir='ltr'><strong>scilicet</strong></span> 
     </span>
    </p>
   </div>
   <div class='ocr_carea' id='block_1_108' title="bbox 2288 4841 3452 4913">
    <p class='ocr_par' dir='ltr' id='par_1_108' title="bbox 2288 4841 3452 4913">
     <span class='ocr_line' id='line_1_108' title="bbox 2288 4841 3452 4913; baseline -0.001 -16"><span class='ocrx_word' id='word_1_778' title='bbox 2288 4847 2600 4913; x_wconf 90' lang='lat' dir='ltr'><strong>antequam</strong></span> <span class='ocrx_word' id='word_1_779' title='bbox 2636 4841 2854 4897; x_wconf 89' lang='lat' dir='ltr'><strong>ldatius</strong></span> <span class='ocrx_word' id='word_1_780' title='bbox 2882 4841 3201 4897; x_wconf 90' lang='lat' dir='ltr'><strong>Chronicon</strong></span> <span class='ocrx_word' id='word_1_781' title='bbox 3236 4841 3452 4897; x_wconf 81' lang='lat' dir='ltr'><strong>finiret.</strong></span> 
     </span>
    </p>
   </div>
   <div class='ocr_carea' id='block_1_109' title="bbox 2359 4925 3901 5003">
    <p class='ocr_par' dir='ltr' id='par_1_109' title="bbox 2359 4925 3901 5003">
     <span class='ocr_line' id='line_1_109' title="bbox 2359 4925 3901 5003; baseline -0.005 -17"><span class='ocrx_word' id='word_1_782' title='bbox 2359 4933 2447 4987; x_wconf 88' lang='grc'><strong>41.</strong></span> <span class='ocrx_word' id='word_1_783' title='bbox 2473 4931 2693 4987; x_wconf 89' lang='lat' dir='ltr'><strong>Deinde</strong></span> <span class='ocrx_word' id='word_1_784' title='bbox 2726 4931 3003 4987; x_wconf 73' lang='lat' dir='ltr'><strong>Romaniae</strong></span> <span class='ocrx_word' id='word_1_785' title='bbox 3034 4947 3246 4987; x_wconf 90' lang='lat' dir='ltr'><strong>nomen</strong></span> <span class='ocrx_word' id='word_1_786' title='bbox 3268 4930 3444 5003; x_wconf 90' lang='lat' dir='ltr'><strong>vulgo</strong></span> <span class='ocrx_word' id='word_1_787' title='bbox 3476 4932 3753 4987; x_wconf 89' lang='lat' dir='ltr'><strong>usitatum</strong></span> <span class='ocrx_word' id='word_1_788' title='bbox 3797 4925 3901 4980; x_wconf 81' lang='lat' dir='ltr'><strong>erat</strong></span> 
     </span>
    </p>
   </div>
   <div class='ocr_carea' id='block_1_110' title="bbox 2289 5019 3883 5094">
    <p class='ocr_par' dir='ltr' id='par_1_110' title="bbox 2289 5019 3883 5094">
     <span class='ocr_line' id='line_1_110' title="bbox 2289 5019 3883 5094; baseline -0.004 -17"><span class='ocrx_word' id='word_1_789' title='bbox 2289 5021 2477 5077; x_wconf 89' lang='lat' dir='ltr'><strong>Orosii</strong></span> <span class='ocrx_word' id='word_1_790' title='bbox 2508 5026 2789 5094; x_wconf 91' lang='lat' dir='ltr'><strong>tempore.</strong></span> <span class='ocrx_word' id='word_1_791' title='bbox 2821 5022 2983 5085; x_wconf 93' lang='lat' dir='ltr'><strong>Quod</strong></span> <span class='ocrx_word' id='word_1_792' title='bbox 3016 5025 3268 5076; x_wconf 87' lang='lat' dir='ltr'><strong>testatur</strong></span> <span class='ocrx_word' id='word_1_793' title='bbox 3294 5021 3419 5093; x_wconf 89' lang='lat' dir='ltr'><strong>ipse</strong></span> <span class='ocrx_word' id='word_1_794' title='bbox 3450 5021 3593 5076; x_wconf 91' lang='lat' dir='ltr'><strong>dum</strong></span> <span class='ocrx_word' id='word_1_795' title='bbox 3626 5019 3796 5089; x_wconf 91' lang='lat' dir='ltr'><strong>ait(L.</strong></span> <span class='ocrx_word' id='word_1_796' title='bbox 3820 5028 3883 5067; x_wconf 80' lang='lat' dir='ltr'><strong>v1!</strong></span> 
     </span>
    </p>
   </div>
   <div class='ocr_carea' id='block_1_111' title="bbox 2289 5100 3903 5182">
    <p class='ocr_par' dir='ltr' id='par_1_111' title="bbox 2289 5100 3903 5182">
     <span class='ocr_line' id='line_1_111' title="bbox 2289 5100 3903 5182; baseline -0.005 -17"><span class='ocrx_word' id='word_1_797' title='bbox 2289 5128 2333 5165; x_wconf 87' lang='lat' dir='ltr'><strong>c.</strong></span> <span class='ocrx_word' id='word_1_798' title='bbox 2361 5112 2449 5182; x_wconf 80' lang='grc'><strong>43)</strong></span> <span class='ocrx_word' id='word_1_799' title='bbox 2479 5130 2490 5166; x_wconf 92' lang='lat'><strong>:</strong></span> <span class='ocrx_word' id='word_1_800' title='bbox 2517 5113 2803 5182; x_wconf 85' lang='lat' dir='ltr'><strong>Essetque,</strong></span> <span class='ocrx_word' id='word_1_801' title='bbox 2831 5119 2891 5165; x_wconf 88' lang='lat' dir='ltr'><strong>ut</strong></span> <span class='ocrx_word' id='word_1_802' title='bbox 2938 5110 3251 5179; x_wconf 79' lang='lat' dir='ltr'><strong>uulgariter</strong></span> <span class='ocrx_word' id='word_1_803' title='bbox 3296 5112 3512 5181; x_wconf 84' lang='lat' dir='ltr'><strong>loquar,</strong></span> <span class='ocrx_word' id='word_1_804' title='bbox 3550 5108 3760 5173; x_wconf 81' lang='lat' dir='ltr'><strong>Gothia,</strong></span> <span class='ocrx_word' id='word_1_805' title='bbox 3788 5100 3903 5176; x_wconf 84' lang='lat' dir='ltr'><strong>quod</strong></span> 
     </span>
    </p>
   </div>
   <div class='ocr_carea' id='block_1_112' title="bbox 2292 5197 3904 5271">
    <p class='ocr_par' dir='ltr' id='par_1_112' title="bbox 2292 5197 3904 5271">
     <span class='ocr_line' id='line_1_112' title="bbox 2292 5197 3904 5271; baseline -0.007 -16"><span class='ocrx_word' id='word_1_806' title='bbox 2292 5200 2559 5255; x_wconf 80' lang='lat' dir='ltr'><strong>Romania</strong></span> <span class='ocrx_word' id='word_1_807' title='bbox 2573 5200 3091 5271; x_wconf 81' lang='lat' dir='ltr'><strong>fuisset.Possidius</strong></span> <span class='ocrx_word' id='word_1_808' title='bbox 3103 5201 3296 5267; x_wconf 84' lang='lat' dir='ltr'><strong>etiam,</strong></span> <span class='ocrx_word' id='word_1_809' title='bbox 3314 5200 3412 5271; x_wconf 92' lang='lat' dir='ltr'><strong>qui</strong></span> <span class='ocrx_word' id='word_1_810' title='bbox 3442 5200 3626 5255; x_wconf 79' lang='lat' dir='ltr'><strong>Idatio</strong></span> <span class='ocrx_word' id='word_1_811' title='bbox 3640 5197 3904 5267; x_wconf 85' lang='lat' dir='ltr'><strong>aliquanto</strong></span> 
     </span>
    </p>
   </div>
   <div class='ocr_carea' id='block_1_113' title="bbox 2291 5279 3901 5361">
    <p class='ocr_par' dir='ltr' id='par_1_113' title="bbox 2291 5279 3901 5361">
     <span class='ocr_line' id='line_1_113' title="bbox 2291 5279 3901 5361; baseline -0.006 -18"><span class='ocrx_word' id='word_1_812' title='bbox 2291 5288 2400 5344; x_wconf 85' lang='lat' dir='ltr'><strong>fuit</strong></span> <span class='ocrx_word' id='word_1_813' title='bbox 2429 5289 2745 5361; x_wconf 88' lang='lat' dir='ltr'><strong>antiquior,</strong></span> <span class='ocrx_word' id='word_1_814' title='bbox 2775 5289 3043 5344; x_wconf 89' lang='lat' dir='ltr'><strong>eamdem</strong></span> <span class='ocrx_word' id='word_1_815' title='bbox 3094 5305 3289 5345; x_wconf 90' lang='lat' dir='ltr'><strong>vocem</strong></span> <span class='ocrx_word' id='word_1_816' title='bbox 3338 5293 3589 5361; x_wconf 91' lang='lat' dir='ltr'><strong>usurpat</strong></span> <span class='ocrx_word' id='word_1_817' title='bbox 3618 5292 3699 5359; x_wconf 89' lang='lat' dir='ltr'><strong>(In</strong></span> <span class='ocrx_word' id='word_1_818' title='bbox 3737 5285 3825 5339; x_wconf 79' lang='lat' dir='ltr'><strong>Vit.</strong></span> <span class='ocrx_word' id='word_1_819' title='bbox 3854 5279 3901 5333; x_wconf 88' lang='lat' dir='ltr'><strong>S.</strong></span> 
     </span>
    </p>
   </div>
   <div class='ocr_carea' id='block_1_114' title="bbox 2289 5372 3904 5450">
    <p class='ocr_par' dir='ltr' id='par_1_114' title="bbox 2289 5372 3904 5450">
     <span class='ocr_line' id='line_1_114' title="bbox 2289 5372 3904 5450; baseline -0.007 -15"><span class='ocrx_word' id='word_1_820' title='bbox 2289 5380 2454 5449; x_wconf 82' lang='lat' dir='ltr'><strong>Aug.,</strong></span> <span class='ocrx_word' id='word_1_821' title='bbox 2476 5396 2522 5433; x_wconf 88' lang='lat' dir='ltr'><strong>c.</strong></span> <span class='ocrx_word' id='word_1_822' title='bbox 2554 5380 2666 5450; x_wconf 91' lang='lat'>30).</span> <span class='ocrx_word' id='word_1_823' title='bbox 2689 5379 2929 5435; x_wconf 91' lang='lat' dir='ltr'><strong>Demum</strong></span> <span class='ocrx_word' id='word_1_824' title='bbox 2964 5379 3097 5435; x_wconf 90' lang='lat' dir='ltr'><strong>licet</strong></span> <span class='ocrx_word' id='word_1_825' title='bbox 3118 5378 3176 5433; x_wconf 92' lang='lat' dir='ltr'><strong>in</strong></span> <span class='ocrx_word' id='word_1_826' title='bbox 3210 5378 3372 5435; x_wconf 91' lang='lat' dir='ltr'><strong>nullo</strong></span> <span class='ocrx_word' id='word_1_827' title='bbox 3404 5382 3641 5434; x_wconf 89' lang='lat' dir='ltr'><strong>auctore</strong></span> <span class='ocrx_word' id='word_1_828' title='bbox 3670 5374 3761 5448; x_wconf 90' lang='lat' dir='ltr'><strong>qui</strong></span> <span class='ocrx_word' id='word_1_829' title='bbox 3791 5372 3904 5428; x_wconf 89' lang='lat' dir='ltr'><strong>ante</strong></span> 
     </span>
    </p>
   </div>
   <div class='ocr_carea' id='block_1_115' title="bbox 2291 5462 3904 5539">
    <p class='ocr_par' dir='ltr' id='par_1_115' title="bbox 2291 5462 3904 5539">
     <span class='ocr_line' id='line_1_115' title="bbox 2291 5462 3904 5539; baseline -0.006 -18"><span class='ocrx_word' id='word_1_830' title='bbox 2291 5468 2537 5522; x_wconf 91' lang='lat' dir='ltr'><strong>Idatium</strong></span> <span class='ocrx_word' id='word_1_831' title='bbox 2563 5469 2864 5539; x_wconf 90' lang='lat' dir='ltr'><strong>scripserit</strong></span> <span class='ocrx_word' id='word_1_832' title='bbox 2895 5485 2962 5523; x_wconf 89' lang='lat' dir='ltr'><strong>ea</strong></span> <span class='ocrx_word' id='word_1_833' title='bbox 2994 5467 3207 5523; x_wconf 92' lang='lat' dir='ltr'><strong>locutio</strong></span> <span class='ocrx_word' id='word_1_834' title='bbox 3238 5469 3569 5539; x_wconf 88' lang='lat' dir='ltr'><strong>reperiatur</strong></span> <span class='ocrx_word' id='word_1_835' title='bbox 3596 5469 3811 5522; x_wconf 82' lang='lat' dir='ltr'><strong>Levatus</strong></span> <span class='ocrx_word' id='word_1_836' title='bbox 3833 5462 3904 5515; x_wconf 77' lang='lat' dir='ltr'><strong>est</strong></span> 
     </span>
    </p>
   </div>
   <div class='ocr_carea' id='block_1_116' title="bbox 2290 5555 3904 5631">
    <p class='ocr_par' dir='ltr' id='par_1_116' title="bbox 2290 5555 3904 5631">
     <span class='ocr_line' id='line_1_116' title="bbox 2290 5555 3904 5631; baseline -0.006 -19"><span class='ocrx_word' id='word_1_837' title='bbox 2290 5561 2453 5628; x_wconf 88' lang='lat' dir='ltr'><strong>(sane</strong></span> <span class='ocrx_word' id='word_1_838' title='bbox 2466 5573 2572 5630; x_wconf 88' lang='lat' dir='ltr'><strong>ego</strong></span> <span class='ocrx_word' id='word_1_839' title='bbox 2588 5574 2700 5615; x_wconf 91' lang='lat' dir='ltr'><strong>non</strong></span> <span class='ocrx_word' id='word_1_840' title='bbox 2718 5558 3131 5629; x_wconf 85' lang='lat' dir='ltr'><strong>legi),altamen</strong></span> <span class='ocrx_word' id='word_1_841' title='bbox 3147 5559 3491 5631; x_wconf 83' lang='lat' dir='ltr'><strong>Anonymus</strong></span> <span class='ocrx_word' id='word_1_842' title='bbox 3511 5555 3904 5629; x_wconf 83' lang='lat' dir='ltr'><strong>Cuspinianeus</strong></span> 
     </span>
    </p>
   </div>
   <div class='ocr_carea' id='block_1_117' title="bbox 2290 5637 3905 5720">
    <p class='ocr_par' dir='ltr' id='par_1_117' title="bbox 2290 5637 3905 5720">
     <span class='ocr_line' id='line_1_117' title="bbox 2290 5637 3905 5720; baseline -0.004 -19"><span class='ocrx_word' id='word_1_843' title='bbox 2290 5647 2626 5719; x_wconf 81' lang='lat' dir='ltr'><strong>frequenter</strong></span> <span class='ocrx_word' id='word_1_844' title='bbox 2645 5647 2748 5703; x_wconf 89' lang='lat' dir='ltr'><strong>illa</strong></span> <span class='ocrx_word' id='word_1_845' title='bbox 2770 5647 2974 5704; x_wconf 86' lang='lat' dir='ltr'><strong>utitur.</strong></span> <span class='ocrx_word' id='word_1_846' title='bbox 3002 5652 3079 5703; x_wconf 90' lang='lat' dir='ltr'><strong>De</strong></span> <span class='ocrx_word' id='word_1_847' title='bbox 3096 5650 3359 5720; x_wconf 87' lang='lat' dir='ltr'><strong>tempore</strong></span> <span class='ocrx_word' id='word_1_848' title='bbox 3377 5650 3579 5705; x_wconf 87' lang='lat' dir='ltr'><strong>autem</strong></span> <span class='ocrx_word' id='word_1_849' title='bbox 3600 5661 3709 5719; x_wconf 91' lang='lat' dir='ltr'><strong>quo</strong></span> <span class='ocrx_word' id='word_1_850' title='bbox 3722 5644 3769 5701; x_wconf 84' lang='lat' dir='ltr'><strong>is</strong></span> <span class='ocrx_word' id='word_1_851' title='bbox 3784 5637 3905 5698; x_wconf 86' lang='lat' dir='ltr'><strong>scri-</strong></span> 
     </span>
    </p>
   </div>
   <div class='ocr_carea' id='block_1_118' title="bbox 532 5822 2481 5900">
    <p class='ocr_par' dir='ltr' id='par_1_118' title="bbox 532 5822 2481 5900">
     <span class='ocr_line' id='line_1_118' title="bbox 532 5822 2481 5900; baseline -0.003 -13"><span class='ocrx_word' id='word_1_852' title='bbox 532 5882 535 5887; x_wconf 85' lang='lat'><strong>.</strong></span> <span class='ocrx_word' id='word_1_853' title='bbox 608 5832 692 5897; x_wconf 75' lang='lat' dir='ltr'><strong>(tl)</strong></span> <span class='ocrx_word' id='word_1_854' title='bbox 721 5830 806 5884; x_wconf 83' lang='lat' dir='ltr'><strong>Ad</strong></span> <span class='ocrx_word' id='word_1_855' title='bbox 839 5845 1024 5898; x_wconf 84' lang='lat' dir='ltr'><strong>oram,</strong></span> <span class='ocrx_word' id='word_1_856' title='bbox 1057 5845 1181 5900; x_wconf 85' lang='lat' dir='ltr'><strong>cap.</strong></span> <span class='ocrx_word' id='word_1_857' title='bbox 1213 5829 1277 5881; x_wconf 81' lang='lat'><strong>21</strong></span> <span class='ocrx_word' id='word_1_858' title='bbox 1313 5825 1413 5880; x_wconf 86' lang='lat' dir='ltr'><strong>lib.</strong></span> <span class='ocrx_word' id='word_1_859' title='bbox 1446 5839 1605 5892; x_wconf 82' lang='lat' dir='ltr'><strong>xvm,</strong></span> <span class='ocrx_word' id='word_1_860' title='bbox 1639 5823 1696 5879; x_wconf 90' lang='lat' dir='ltr'><strong>in</strong></span> <span class='ocrx_word' id='word_1_861' title='bbox 1731 5822 1993 5882; x_wconf 83' lang='lat' dir='ltr'><strong>Editioae</strong></span> <span class='ocrx_word' id='word_1_862' title='bbox 2022 5826 2290 5900; x_wconf 85' lang='lat' dir='ltr'><strong>Lugdun.</strong></span> <span class='ocrx_word' id='word_1_863' title='bbox 2328 5824 2481 5884; x_wconf 75' lang='grc'><strong>1561.</strong></span> 
     </span>
    </p>
   </div>
  </div>
