4156 6320
293 373 401 429 729

332 518 536 557 IMPER.

1476 375 1699 428 IDATII
1737 374 2057 429 BPISCOPI
2093 372 2526 430 CHRONICON.

3599 383 3705 438 730

3357 525 3444 562 OL.
3521 526 3578 566 Α.
3620 529 3668 566 (Ξ-

588 572 853 629 civitates
885 573 1131 628 etfractaa
1154 571 1252 644 (α).
1287 571 1351 626 Ιιι
1384 569 1609 642 campis
1638 568 2030 626 Catalaunicis
2061 572 2175 642 (67)
2206 570 2300 642 (b),
2342 570 2497 626 haud
2529 570 2701 645 longe
2731 573 2801 629 de
2844 573 3077 630 civitate
3110 592 3284 648 quam

540 688 557 698 ο
578 664 931 734 ell'regerant
960 663 1083 730 90;
1118 661 1309 716 Mettis
1338 660 1501 716 Aetio
1534 659 1667 715 duci
1700 660 1769 731 (ε)
1802 664 1859 715 et
1888 660 2006 731 regi
2025 660 2329 728 Theodori,
2375 662 2590 732 quibus
2620 668 2745 718 erat
2777 664 2835 718 in
2867 682 3006 736 pace
3028 666 3276 722 societas
3352 686 3425 724 IV.

579 752 693 823 (G8)
720 752 797 823 (ά)
829 756 1029 823 aperto
1062 755 1249 806 marte
1281 751 1625 821 confligens,
1658 748 1850 805 divino
1882 766 2031 806 caesa
2061 754 2372 822 superatur
2402 751 2638 807 auxilio.
2674 752 2895 808 Bellum
2931 772 3042 809 nox
3075 755 3285 811 intem-

584 846 753 913 pesta
782 840 1039 895 diremit.
1075 840 1194 895 Rex
1226 839 1342 894 illic
1375 839 1710 895 Theodores
1742 842 2069 910 prostratus
2115 839 2189 911 (e)
2229 840 2504 895 occubuit
2535 842 2681 912 (69);
2714 841 2839 898 CCC
2886 845 3065 898 terme
3097 843 3282 900 millia

582 930 890 985 hominum
920 932 986 999 (Γ)
1019 930 1075 985 in
1110 946 1175 985 eo
1206 928 1519 984 certamine
1540 928 1736 984 occisa
1765 933 2170 985 numerantur.

650 1022 830 1075 Multa
859 1037 1013 1075 anno
1045 1018 1214 1091 signa
1244 1018 1581 1090 procedunt.
1616 1018 1828 1082 Quinto
1861 1017 1984 1072 Kal.
2016 1017 2216 1073 Octob.
2247 1017 2347 1090 (g),
2380 1035 2412 1073 a
2443 1024 2606 1091 parte
2635 1020 2887 1076 Orientis
2914 1021 3055 1077 luna
3086 1023 3272 1079 fusca-

578 1114 700 1165 tur.
722 1110 780 1165 In
808 1109 1016 1165 diebus
1063 1109 1365 1179 sequentis
1411 1107 1644 1163 Pascha:
1673 1108 1775 1178 (ἡ),
1799 1107 1927 1162 visa
1946 1096 2210 1179 quaedam
2236 1108 2292 1163 in
2317 1107 2459 1164 cmlo
2482 1109 2538 1163 in
2565 1109 2902 1182 regionibus
2924 1111 3269 1181 Galliarum,

585 1198 836 1271 epistola
862 1200 932 1253 de
965 1198 1057 1253 bis
1087 1197 1349 1253 Eufronii
1379 1196 1932 1268 Augustodunensis
1979 1198 2241 1268 episcopi
2293 1200 2388 1253 9|
2444 1200 2513 1253 ad
2564 1200 2951 1271 Agrippinum
2999 1202 3274 1257 comitem

589 1288 741 1343 facta
770 1288 1069 1343 evidenter
1091 1288 1367 1343 ostendit.
1406 1286 1586 1343 Stella
1619 1292 1869 1342 cometes
1898 1304 1931 1341 a
1959 1287 2088 1342 XIV
2118 1287 2235 1342 Kal.
2269 1287 2385 1342 Jul.
2415 1305 2695 1360 apparere
2746 1290 2972 1361 incipit,
3027 1308 3156 1361 quae
3202 1292 3281 1346 III

580 1378 709 1434 Kal.
742 1376 983 1432 diliculo
1016 1378 1088 1432 ab
1124 1376 1355 1431 Oriente
1387 1377 1532 1444 visa,
1560 1380 1690 1447 post
1719 1376 2003 1432 Occasum
2036 1376 2177 1432 solis
2209 1378 2279 1432 ab
2312 1378 2556 1433 occidua
2604 1383 2768 1451 parte
2810 1397 2943 1435 mox
2981 1381 3273 1450 cernitur;

585 1465 710 1522 Kal.
744 1466 996 1538 Augusti
1029 1484 1062 1521 a
1094 1472 1255 1537 parte
1278 1465 1610 1521 Occidentis
1640 1470 1898 1537 apparet.

616 1556 818 1612 Occiso
846 1555 1168 1621 Theodore,
1202 1554 1508 1610 Thorismo
1536 1554 1694 1609 filius
1724 1556 1850 1623 ejus
1880 1555 2141 1611 succedit
2174 1556 2237 1627 (τ’)
2271 1556 2327 1610 in
2361 1572 2559 1629 regno.

622 1644 807 1699 Hunni
844 1660 977 1698 cum
1010 1660 1143 1715 rege
1174 1660 1281 1699 suo
1309 1644 1507 1711 Attila,
1542 1642 1760 1698 relictis
1791 1643 1995 1700 Galliis
2028 1649 2158 1715 post
2191 1650 2502 1712 certamen,
2537 1645 2765 1701 Italiam
2800 1651 3026 1719 petunt.

368 1747 565 1786 xxvm.
599 1748 657 1786 ιι.
679 1734 744 1803 (j)
776 1732 855 1800 (id
885 1732 1241 1801 est,secundo
1264 1731 1423 1801 regni
1448 1748 1594 1787 anno
1615 1732 1883 1804 principis
1902 1732 2191 1804 Marciani)
2217 1732 2433 1800 Hunni,
2455 1734 2553 1805 qui
2590 1735 2816 1790 Italiam
2840 1737 3278 1806 praedabantur,

584 1820 898 1893 aliquantis
916 1821 1093 1877 etiam
1118 1821 1447 1877 civitatibus
1465 1822 1734 1894 irruptis,
1764 1821 2050 1878 divinitus
2083 1823 2299 1893 partim
2320 1825 2491 1894 fame,
2515 1824 2728 1895 partim
2762 1826 2964 1881 morbo
2996 1826 3275 1896 quodam,

583 1909 776 1982 plagis
807 1910 1143 1965 coelestibus
1174 1910 1496 1979 feriuntur;
1549 1910 1750 1967 missis
1791 1910 1967 1966 etiam
2005 1928 2108 1982 per
2146 1912 2509 1967 Marcianum
2546 1912 3075 1985 principem,Aetio
3107 1915 3275 1980 duce,

582 1998 887 2053 caeduntur
910 1997 1141 2054 auxiliis
1166 2016 1179 2065 ;
1230 2000 1565 2069 pariterque
1607 1998 1667 2054 in
1713 1999 1950 2055 sedibus
1973 2000 2098 2055 suis
2120 2004 2178 2055 et
2204 2000 2539 2056 ccelestibus
2570 2001 2758 2073 plagis
2782 2006 2836 2057 et
2867 2019 2970 2074 per
2997 2003 3275 2058 Marciani

576 2088 1015 2159 subjungantur
1039 2088 1513 2156 exercitum;92
1547 2088 1621 2160 (Ιί)
1652 2093 1709 2144 et
1740 2089 1821 2144 ita
1850 2088 2101 2158 subacti,
2135 2106 2274 2161 pace
2316 2090 2466 2145 facta
2494 2107 2627 2145 cum
2670 2090 2965 2160 Romanis,
3006 2092 3271 2163 pr0prias

578 2181 852 2248 repetunt
880 2177 1069 2233 sedes.
1100 2177 1184 2231 Ad
1216 2193 1363 2248 quas
1394 2193 1491 2232 rex
1524 2194 1726 2233 eorum
1758 2177 1935 2233 Attila
1966 2195 2098 2235 mox
2126 2194 2387 2235 reversus
2417 2180 2480 2249 (ι)
2514 2179 2735 2235 interiit
2764 2180 2913 2252 (70).}

650 2267 735 2321 Ad
766 2270 984 2321 Suevos
1016 2266 1367 2321 Mansuetus
1403 2284 1600 2323 comes
1626 2267 2041 2338 Hispaniarum
2072 2269 2191 2340 (ιη),
2219 2272 2275 2323 et
2303 2269 2514 2324 Fronto
2545 2269 2625 2341 (η)
2657 2268 2927 2324 similiter
2956 2286 3172 2339 comes,
3197 2269 3276 2326 le-

568 2355 690 2430 gati
731 2372 831 2426 pro
865 2371 1001 2427 pace
1034 2355 1349 2410 mittuntur
1378 2360 1434 2410 et
1465 2354 1735 2410 obtinent
1765 2356 2133 2412 conditiones
2166 2356 2488 2427 injunctas.

3310 2361 3416 2415 308

644 2444 956 2499 Thorismo
985 2461 1080 2499 rex
1111 2444 1452 2513 Gothorum,
1486 2445 1717 2516 spirans
1748 2444 1983 2500 hostilia
2012 2448 2109 2517 (ο),
2129 2463 2163 2500 a
2192 2446 2549 2503 Theoderico
2572 2450 2628 2501 et
2650 2447 2952 2503 Frederico
2988 2448 3268 2505 fratribus

567 2536 879 2606 jugulatur
909 2534 1020 2605 (71)
1052 2533 1150 2604 (ρ),
1184 2533 1277 2587 cui
1309 2533 1707 2589 Theodoricus
1739 2535 2000 2589 succedit
2031 2535 2089 2589 in
2123 2550 2322 2606 regno.

356 2644 511 2683 xxxx.
543 2642 629 2681 ιιι.
690 2623 761 2694 (q)
820 2623 898 2692 (id
956 2627 1064 2689 est,
1116 2622 1275 2679 tertio
1308 2625 1467 2694 regni
1495 2639 1640 2679 anno
1686 2625 1965 2695 principis
1996 2624 2287 2698 Marciani)
2318 2627 2419 2682 93
2451 2624 2654 2697 regina
2683 2626 2930 2683 moritur
2964 2626 3270 2683 Pulcheria

581 2728 779 2768 mense
809 2710 964 2766 Julio
996 2711 1109 2782 (72)
1139 2710 1232 2782 (r).

3564 2629 3668 2686 453

369 2823 445 2892 (α)
478 2820 663 2894 Multa
682 2816 1167 2894 dehoc_Attiliano
1195 2816 1344 2872 bello
1365 2819 1517 2894 apud
1546 2818 1787 2894 Paulum
1810 2819 1941 2874 Dia-
1972 2823 2026 2888 Α
2062 2822 2348 2877 mundum
2382 2825 2569 2878 (statis
2601 2822 2984 2894 praerogativa
3013 2824 3162 2893 patri
3204 2840 3272 2879 ex
3305 2823 3584 2880 electione
3607 2829 3700 2880 ta-

287 2890 532 2950 conum.
562 2891 660 2945 lib.
684 2907 774 2944 xv.
798 2893 854 2943 et
873 2890 1249 2957 Jornandem,
1274 2906 1330 2943 ιι.
1354 2891 1443 2944 60.
1464 2890 1735 2945 Preterea
1759 2891 1817 2944 in
1835 2894 1941 2945 Ac-

290 2967 379 3020 tis
409 2963 732 3019 t'usioribus
755 2960 942 3014 sancti
968 2960 1106 3030 Lupi
1135 2960 1731 3031 episc0piTricassini
1754 2962 1846 3017 die
1876 2963 1948 3017 29

283 3037 433 3109 julii
453 3036 511 3090 in
538 3050 722 3109 pauca
748 3031 1011 3109 invenies
1034 3035 1102 3086 de
1130 3032 1442 3109 provinciis
1466 3034 1538 3109 ab
1565 3034 1946 3109 Attilavasta-

286 3103 375 3165 iis
408 3108 479 3162 de
509 3103 759 3160 urbibus
786 3103 1031 3173 direptis
1064 3109 1166 3157 aut
1196 3105 1373 3157 etiam
1407 3105 1635 3158 excisis.
1664 3105 1798 3168 Qua:
1821 3122 1946 3159 om-

283 3180 395 3234 nia
428 3177 704 3249 pleraque
733 3174 847 3249 alia
878 3174 1111 3249 collegit
1141 3175 1472 3230 Hadrianus
1500 3175 1783 3246 Valesius,
1802 3181 1945 3232 tom.

288 3254 313 3307 Ι
355 3245 572 3305 Rerum
605 3247 892 3302 Franciaa.
926 3245 1027 3300 lib.
1053 3262 1128 3300 ιν.

372 3334 1113 3409 (b)GregoriusTuronicus
1138 3338 1266 3409 Man
1279 3334 1464 3390 riacos
1488 3335 1781 3409 vocathos
1796 3352 1951 3391 cam-

293 3405 442 3482 pos}
464 3405 790 3482 Utrumque
825 3422 1035 3482 nomen
1054 3405 1437 3482 nbabueruntL
1459 3410 1605 3462 teste
1632 3406 1947 3479 Jornande,

294 3478 360 3537 ξι.
394 3484 451 3535 6.
477 3480 559 3535 De
587 3496 786 3534 eorum
822 3478 939 3533 situ
974 3478 1104 3533 vide
1139 3484 1339 3532 notam
1369 3479 1460 3532 67.

388 3570 460 3639 (ε)
481 3571 545 3624 In
569 3567 1052 3639 Cbroniconl’arnco
1076 3566 1158 3621 ita
1181 3564 1395 3637 legitur
1428 3583 1441 3620 :
1478 3566 1611 3621 Cum
1649 3572 1804 3636 gente
1830 3570 1950 3638 ejus

289 3636 450 3696 dacis
474 3656 607 3710 gens
642 3640 784 3707 regis
822 3636 1100 3702 Theodori,
1134 3636 1298 3710 etcf:
1333 3643 1470 3710 puto
1502 3636 1948 3710 germanazn'le-

289 3708 553 3767 ctionem
576 3710 755 3765 fuisse
780 3727 792 3765 :
815 3712 1134 3776 Cumgente
1160 3709 1314 3763 .Jetii
1343 3708 1497 3764 ducis
1510 3708 1579 3764 iet
1609 3713 1753 3777 regis
1779 3711 1947 3765 Theo-

288 3784 473 3851 doris,
504 3784 723 3853 quibus,
755 3786 867 3836 etc.
897 3805 911 3847 ;
946 3797 1080 3853 nam
1113 3780 1423 3850 conﬂigere
1454 3798 1577 3835 cum
1607 3786 1770 3851 gente
1800 3783 1950 3837 dioi-

290 3872 454 3919 mus,
486 3851 599 3908 non
636 3857 830 3907 autem
865 3851 1177 3921 conﬂigere
1198 3854 1366 3920 genti.

371 3928 449 3996 (d)
467 3926 660 3980 [datus
681 3924 900 3979 Gothos
918 3923 1315 3996 tantumAetii
1333 3924 1388 3977 in
1410 3923 1518 3979 hoc
1539 3924 1733 3994 przelio
1760 3925 1951 3981 socios

293 4016 377 4053 nu
390 3995 873 4053 morat.Sidonius
893 3996 1139 4065 insuper
1152 3995 1403 4049 Francos
1423 4012 1552 4049 cum
1571 3996 1749 4050 Attila
1769 3997 1950 4051 fuisse

287 4070 513 4124 diserte
531 4069 944 4137 tradit.ltaque
962 4066 1367 4138 improbabilia
1394 4074 1633 4122 narrant
1656 4070 1869 4138 Pagius
1895 4072 1952 4123 et

289 4141 394 4195 alii
420 4141 733 4209 scriptores
754 4138 924 4203 Galli,
949 4137 1059 4209 qui
1077 4137 1406 4192 Meroveum
1450 4142 1804 4194 Francorum
1850 4157 1939 4194 re-

288 4229 426 4281 gem
458 4208 589 4266 cum
622 4210 746 4265 suis
776 4210 941 4282 Aetio
962 4208 1310 4282 adhaesisse,
1358 4210 1705 4281 eosdemque
1739 4228 1939 4282 repor-

289 4280 431 4338 tata:
463 4284 533 4336 de
564 4282 745 4336 Attila
774 4280 1024 4335 victoria;
1067 4285 1289 4350 partem
1323 4297 1594 4349 magnam
1618 4280 1714 4336 vel
1765 4280 1942 4337 etiam

293 4355 656 4427 praecipuam
692 4351 873 4427 fuisse
896 4353 1143 4422 jactant.
1176 4350 1321 4405 Vide
1354 4358 1552 4406 notam
1583 4354 1673 4427 68_.

365 4427 436 4494 (ε)
470 4427 543 4480 De
574 4424 897 4479 Theodoris
930 4428 1137 4491 morte,
1190 4438 1364 4494 regno
1405 4429 1579 4494 atque
1610 4424 1767 4492 ﬁliis,
1804 4442 1943 4480 non-

287 4497 452 4551 nulla
485 4496 633 4550 dabo
669 4500 805 4549 nota
834 4494 920 4548 69'

362 4569 433 4635 (Ι)
456 4567 726 4622 Enormis
747 4567 909 4620 visus
932 4569 1021 4620 est
1045 4564 1344 4633 aliquibus
1366 4567 1691 4621 occisorum
1717 4567 1810 4621 hic
1833 4585 1937 4621 nu-

289 4656 514 4694 merus.
546 4639 713 4709 Apud
744 4642 1039 4709 auctorem
1074 4636 1344 4692 Miscellte
1376 4644 1432 4691 et
1480 4638 1833 4693 Jornandem
1868 4640 1936 4693 ad

282 4728 353 4765 cc
387 4710 552 4765 milia
584 4708 699 4764 non
734 4708 1019 4763 ascendit.
1057 4710 1335 4763 Isodorus
1367 4710 1619 4763 ldatium
1641 4710 1935 4764 exscribit.

360 4800 441 4870 (g)
460 4798 646 4854 Isticd
664 4798 745 4853 ies
765 4796 1147 4870 corrigendus
1171 4802 1353 4865 est,ut
1373 4799 1444 4853 ad
1461 4816 1681 4853 annum
1705 4800 1807 4853 402
1835 4800 1939 4854 do-

288 4868 492 4936 cui,'et
514 4887 583 4925 ex
603 4870 836 4924 Petavio
864 4886 974 4940 pro,
991 4886 1022 4920 v
1042 4868 1573 4939 Kal.reponendum
1598 4887 1651 4924 νι
1673 4870 1789 4925 Kal.
1812 4887 1941 4926 esse

288 4941 516 4997 monui.
556 4941 654 4995 Hic
681 4939 876 4996 autem
898 4939 1038 4995 solis
1071 4941 1333 5013 defectus
1357 4958 1570 4996 novum
1604 4942 1941 5013 suppeditat

285 5013 462 5068 nobis
495 5018 934 5084 argumentum,
969 5010 1484 5084 quonlibrariorum
1519 5010 1937 5084 negligentiam

279 5082 783 5141 demonstremus.
800 5082 1147 5138 Incredibile
1163 5084 1318 5137 enim
1340 5082 1706 5147 estldatium,
1733 5087 1938 5154 quiac-

279 5154 664 5211 curatissime
688 5171 875 5209 annos
897 5154 1201 5224 eclipsium
1220 5156 1541 5221 adnotavit,
1558 5156 1707 5211 hanc
1728 5156 1937 5212 Valen-

278 5227 493 5299 tiniani
526 5243 678 5299 anno
696 5226 786 5299 28,
814 5225 1161 5299 ChristiliS‘Z
1184 5226 1529 5296 subjecisse.
1559 5227 1761 5299 Itaque
1783 5245 1937 5283 anno

277 5301 350 5354 27
374 5298 794 5363 Valentiniani,
837 5296 1051 5351 Christi
1087 5313 1223 5351 vero
1250 5300 1348 5352 451
1386 5315 1511 5354 eam
1545 5296 1933 5370 consignavit.

355 5386 707 5459 (h)Vereror
735 5402 807 5459 ne
854 5385 1212 5459 praecedentis
1269 5390 1487 5443 Pascha:
1536 5389 1756 5444 Idatius
1788 5391 1934 5445 scri-

288 5456 511 5527 pserit;
548 5476 683 5531 nam
716 5458 763 5511 si
797 5456 904 5512 hoc
926 5458 1005 5531 ad
1028 5464 1481 5531 consequentem
1507 5477 1727 5515 annum
1754 5463 1937 5531 perti-

279 5537 464 5609 neret,
499 5530 705 5609 utquid
740 5528 1010 5609 pnazsenti
1060 5528 1235 5609 anno
1268 5529 1411 5609 il_l_ud
1457 5528 1800 5588 subdisset?
1842 5538 1923 5588 De
1956 5543 1999 5609 ρ

276 5601 555 5657 ΕιιΓιὍιιὶο
590 5600 873 5656 nonnulla
902 5601 1094 5655 dicam
1124 5605 1261 5655 nota
1288 5604 1378 5655 67.

350 5674 417 5745 (ἰ)
442 5672 794 5745 Theodores,
830 5672 911 5727 ait
940 5672 1293 5745 Jornandes,
1345 5682 1583 5745 quatuor
1610 5675 1747 5743 ﬁliis
1775 5676 1929 5732 domi

272 5743 544 5807 dimissis,
580 5745 871 5800 Frederico
900 5751 953 5797 et
986 5745 1175 5799 Turico
1208 5743 1610 5816 (lege—Eurico)
1646 5748 1927 5803 Rotemero

273 5823 326 5870 et
359 5818 672 5880 Himmerit,
704 5832 887 5871 sanum
915 5819 1136 5870 tantum
1169 5815 1529 5872 Thorismund
1559 5815 1609 5873 et
1640 5819 1925 5874 Theodori-

273 5902 397 5959 cum
418 5888 718 5959 participes
751 5887 954 5943 laboris
992 5890 1246 5959 assumit.
1280 5888 1337 5944 id
1371 5893 1477 5957 est,
1511 5904 1711 5945 secum
1759 5890 1926 5946 duxit

275 5956 339 6016 in
369 5958 595 6017 bellum
630 5956 857 6017 contra
890 5957 1150 6019 Attilam.
1200 5959 1302 6017 His
1359 5960 1639 6019 docemur
1687 5960 1926 6020 Thoris-

2058 2909 2189 2948 men
2208 2893 2853 2965 successisse.Regnuin
2871 2893 2953 2948 illi
2971 2894 3225 2950 delatum
3240 2897 3492 2952 estinter
3513 2897 3702 2952 fremi-

2054 2969 2150 3019 tus
2171 2967 2711 3037 exsultationesque
2735 2966 3011 3037 militum;
3033 2984 3167 3021 nam
3183 2968 3381 3022 eodem
3407 2969 3533 3039 ipso
3558 2974 3700 3023 tem-

2054 3053 2215 3107 pore,
2252 3042 2313 3091 ut
2346 3042 2546 3093 narrat
2576 3039 2925 3107 Jornandes,
2960 3055 3017 3092 n.
3076 3040 3130 3105 6,
3192 3039 3480 3094 Theodori
3521 3039 3699 3095 adhuc

2045 3109 2197 3177 justa
2217 3110 2491 3182 solventes,
2516 3109 2695 3182 Gothi,
2717 3112 2889 3164 armis
2925 3111 3327 3178 insonantibus,
3360 3113 3566 3182 regiam
3596 3112 3697 3167 de-

2050 3182 2304 3249 ferebant
2328 3180 2724 3236 ihurismundo
2736 3182 3096 3246 maiestatem.
3120 3183 3223 3235 Hic
3246 3180 3510 3249 observa,
3532 3183 3690 3239 hunc

2055 3251 2153 3321 qui
2170 3251 2580 3307 Thorismoest
2598 3253 3257 3319 ldatio,'l‘horismodum
3278 3256 3698 3324 Prosper,’l‘ho-

2053 3323 3361 3395 rismundJornandes,IsodorusTburismund
3379 3323 3695 3395 appellant.

2124 3394 2186 3464 (7')
2214 3394 2525 3466 Nunquam
2556 3394 2703 3448 alias
2728 3394 2839 3448 nisi
2865 3394 3270 3449 numeralibus
3294 3394 3523 3449 tantqu
3544 3396 3697 3452 notis

2054 3482 2239 3520 annos
2266 3466 2595 3536 principum
2619 3466 2891 3537 designat
2926 3466 3166 3520 Idatius.
3194 3466 3355 3522 Unde
3377 3483 3567 3537 neque
3593 3485 3696 3522 an-

2054 3554 2195 3590 num
2230 3538 2253 3590 1
2289 3537 2585 3606 Marciani,
2627 3536 2915 3607 expressis
2944 3536 3001 3590 id
3034 3554 3220 3608 genus
3268 3536 3484 3604 verbis,
3517 3541 3697 3599 adnoe

2052 3613 2209 3662 tasse
2239 3610 2506 3663 videtur:
2534 3608 2805 3679 alioquin
2840 3608 2898 3662 in
2952 3614 3113 3663 tanta
3144 3608 3272 3665 luce
3302 3626 3494 3664 annus
3533 3610 3631 3665 ille
3662 3611 3684 3665 1

2052 3680 2299 3746 effugere
2332 3697 2444 3733 non
2479 3678 2767 3749 potuisset
2797 3678 3170 3735 librariorum
3205 3681 3428 3745 oculos,
3463 3686 3525 3736 ut
3555 3699 3696 3737 sane

2051 3750 2271 3821 effugit,
2295 3751 2771 3831 quandoquidem
2805 3750 3337 3831 designatumeum
3368 3754 3425 3807 in
3451 3754 3691 3831 Chroni-

2052 3838 2116 3895 co
2150 3838 2260 3876 non
2296 3824 2642 3894 reperimus.
2670 3824 2816 3893 Ergo
2862 3823 2976 3895 ista
3011 3823 3319 3877 subdititia
3344 3831 3484 3879 sunt
3514 3830 3691 3895 atque

2052 3892 2160 3947 hoc
2187 3897 2243 3949 et
2268 3892 2769 3964 consequentibus
2799 3894 2968 3948 annis
2999 3896 3389 3965 expungenda
3410 3901 3573 3950 erant
3596 3892 3692 3950 re-

2051 3966 2260 4038 positis
2284 3966 2686 4021 numeralibus
2745 3967 2915 4038 notis.
2947 3966 3018 4020 At
3066 3971 3378 4038 notasego
3434 3967 3689 4037 reposui,

2053 4036 2154 4091 sed
2199 4038 2373 4092 verba
2421 4038 2596 4093 etiam
2649 4037 2891 4104 servavi,
2926 4052 2997 4092 ne
3027 4037 3290 4108 antiquis
3314 4036 3692 4093 Editionibus

2056 4108 2376 4178 quidquam
2411 4108 2797 4163 detraherem.

1970 4179 2017 4244 B
2120 4179 2280 4249 (k)Ex
2297 4181 2387 4235 his
2408 4189 2666 4251 apparet,
2690 4180 2910 4235 bellum
2930 4179 3205 4251 hocanno
3229 4195 3361 4234 cum
3394 4180 3622 4235 Hunnis
3636 4185 3694 4236 et

2049 4251 2415 4333 inPannonia
2436 4250 2501 4307 et,
2522 4252 2751 4306 inltalia
2770 4255 3002 4322 gestum
3022 4250 3202 4306 fuisse
3229 4252 3507 4324 auspiciis
3539 4257 3693 4308 Mar-

2050 4338 2221 4377 οιιιιιι.

2121 4395 2183 4463 (ι)
2222 4394 2502 4449 Immanis
2561 4393 2791 4465 generis
2849 4393 3094 4448 humani
3145 4392 3334 4450 hostis
3362 4394 3541 4451 Attila
3574 4412 3688 4450 non

2046 4468 2165 4518 tam
2200 4466 2376 4520 armis
2396 4464 2652 4520 militum
2674 4483 2849 4535 quam
2882 4466 3099 4521 caelesti
3128 4467 3181 4519 vi
3213 4466 3401 4522 victus
3441 4475 3496 4521 et
3521 4468 3695 4523 inter-

2049 4537 2235 4590 l'ectus
2267 4542 2379 4603 est,
2414 4542 2476 4592 ut
2507 4537 2725 4591 indicat
2748 4538 2990 4592 Idatius.
3024 4538 3167 4591 Vide
3193 4543 3389 4593 notam
3418 4540 3509 4593 70.

2115 4608 2213 4678 (τη)
2246 4611 2449 4681 Comes
2480 4614 2603 4663 erat
2633 4614 2975 4664 Mansuetus
3009 4609 3444 4680 Hispaniarum,
3465 4627 3583 4681 qua
3602 4610 3687 4666 hie

2048 4678 2327 4734 Romanis
2360 4680 2658 4751 parebant.

2117 4751 2198 4823 (π)
2217 4751 2295 4805 De
2312 4752 2418 4806 hoc
2434 4753 2722 4806 Frontone
2736 4750 2881 4805 iteru
2894 4768 2948 4823 m
2967 4751 3185 4823 Idatius
3203 4769 3272 4805 an
3283 4754 3529 4807 n0456.A
3540 4770 3693 4809 rver-

2046 4839 2158 4875 nus
2190 4827 2332 4891 erat,
2368 4823 2758 4894 laudaturque
2791 4840 2823 4878 a
2852 4822 3110 4890 Sidonio,
3136 4822 3235 4876 lib.
3263 4840 3335 4892 ιν,
3350 4824 3502 4894 epist
3529 4825 3617 4878 21.

2118 4894 2188 4964 (ο)
2210 4894 2358 4965 Tyro
2383 4895 2628 4963 Prosper
2651 4895 2758 4948 sub
2791 4894 3136 4965 consulibus
3170 4894 3534 4964 insequentis
3552 4894 3691 4949 anni

2044 4963 2281 5031 inquit:
2313 4966 2468 5033 Apud
2500 4966 2688 5021 Gothos
2722 4968 2873 5019 intra
2905 4964 3129 5020 Gallias
3156 4963 3507 5020 Consistentes
3542 4968 3694 5020 inter

2043 5036 2191 5104 ﬁlios
2224 5037 2502 5093 Theodori
2530 5038 2672 5105 regis
2703 5053 2945 5107 quorum
2994 5036 3370 5091 Thorismodus
3409 5038 3691 5091 maximus

2042 5116 2175 5162 natu
2195 5110 2351 5178 patri
2378 5106 2733 5168 successerat.
2758 5113 2877 5162 orta
2897 5106 3163 5161 dissensio
3192 5116 3284 5161 est.
3322 5111 3393 5162 Et
3434 5124 3557 5163 cum
3590 5125 3691 5165 rex

2044 5195 2109 5233 ea
2134 5180 2425 5235 motiritur
2454 5197 2571 5251 qum
2603 5184 2654 5236 et
2701 5180 2960 5251 Romanae
2990 5178 3116 5249 paci
3145 5186 3195 5233 et
3223 5178 3464 5251 Gothica
3492 5180 3690 5236 adver-

2041 5260 2300 5305 sarentur
2328 5250 2523 5322 quieti,
2557 5270 2589 5307 a
2619 5250 2899 5323 germanis
2927 5252 3067 5317 suis,
3092 5250 3233 5320 quod
3248 5252 3433 5305 noxiis
3450 5251 3690 5323 disposi-

2044 5323 2286 5377 tionibus
2316 5324 2762 5378 irrevocabiiiter
2792 5322 3049 5387 instaret,
3089 5323 3299 5376 occisus
3340 5327 3437 5377 est.
3471 5322 3687 5394 Grego-

2044 5394 2189 5459 rius,
2222 5394 2370 5448 Hist.
2408 5395 2610 5450 Franc.
2646 5394 2683 5448 l.
2717 5410 2781 5461 II,
2813 5410 2861 5448 c.
2894 5394 2949 5462 7,
2975 5394 3687 5451 narratThorismundum

2042 5465 2255 5519 Alanos
2281 5465 2428 5520 bello
2462 5467 2786 5520 domuisse.

2110 5536 2188 5605 (ρ)
2224 5536 2300 5591 De
2331 5555 2481 5592 anno
2511 5536 2720 5592 mortis
2760 5535 3178 5589 Thorismundi
3224 5552 3394 5606 agam
3430 5542 3566 5593 nota
3594 5539 3683 5592 71.

2110 5607 2180 5680 (q)
2215 5609 2254 5662 E
2278 5610 2510 5678 regione
2542 5609 2679 5663 anni
2702 5608 2734 5660 3
2763 5607 3041 5680 Marciani
3067 5607 3343 5663 exhibent
3376 5608 3507 5663 libri
3540 5610 3682 5663 editi

2037 5678 2259 5733 annum
2296 5680 2610 5735 Abrahami
2646 5679 2789 5733 2470
2829 5694 2843 5733 :
2892 5678 3200 5747 nimirum,
3236 5686 3405 5735 aucto
3438 5697 3682 5735 numero

2037 5767 2325 5806 annorum
2360 5751 2692 5832 principum
2728 5752 2954 5832 supra§
2986 5750 3319 5806 Theodosius
3366 5754 3683 5832 imperator,

2036 5838 2405 5895 consequens
2456 5822 2585 5892 fuit,
2618 5826 2683 5877 ut
2726 5822 2903 5895 citius
2935 5837 3115 5892 quam
3150 5840 3257 5895 par
3286 5826 3411 5879 erat
3442 5822 3513 5877 ad
3545 5838 3682 5879 eum

2034 5892 2355 5949 Abrahami
2383 5910 2602 5951 annum
2637 5892 3058 5965 perveniretur.

2107 5966 2390 6037 (r)Divam
2407 5962 2946 6037 Pulcheriamidiem
2966 5980 3141 6022 suum
3156 5964 3376 6023 abiisse
3400 5962 3506 6021 hoc
3525 5980 3681 6023 anno
