4156 6320
497 369 610 425 739

506 511 700 550 IMPER.

578 602 662 639 ΙΙΙ.

567 1676 646 1716 IV.

1338 367 1690 422 ADDENDA
1726 367 1825 421 AD
1864 364 2210 431 QUOSDAM
2250 363 2788 418 PRECEDENTES
2824 364 3078 420 TOMOS.

860 582 1013 636 106
1042 579 1434 635 Theudoricus
1466 596 1599 635 cum
1628 580 1774 635 duce
1805 596 1911 635 suo
1942 577 2246 634 Sunierico
2277 574 2564 631 exercitus
2605 576 2696 631 sui
2727 575 3088 647 aliquantam
3114 577 3186 632 ad
3221 577 3487 634 Baaticam

790 669 992 741 dirigit
1022 686 1285 724 manum.
1321 668 1536 741 Cyrilla
1569 673 1873 725 revocatur
1902 669 1974 723 ad
2008 666 2243 723 Gallias.
2278 665 2450 721 Suevi
2498 665 2884 721 nihilominus
2933 666 3244 722 Lusitaniae
3293 674 3489 740 partes

790 775 923 813 cum
959 757 1196 825 Maldra,
1232 758 1327 813 alii
1361 775 1495 813 cum
1528 757 1942 815 Remismondo
1975 757 2049 827 (a)
2083 754 2409 811 Gallaeciam
2443 755 2873 825 depraedantur.

859 848 1039 903 Erudi
1072 848 1370 903 maritima
1400 852 1721 903 conventus
1754 846 2028 902 Lucensis
2058 845 2186 901 loca
2218 843 2505 899 nonnulla
2534 844 2944 900 crudelissime
2965 844 3270 915 invadunt,
3287 847 3358 901 ad
3379 851 3491 902 Baz-

788 940 963 994 ticam
993 937 1427 1008 pertendentes.

858 1027 1116 1083 Maldras
1162 1041 1511 1098 germanum
1559 1042 1736 1081 suum
1770 1026 2006 1081 fratrem
2040 1022 2337 1089 interficit,
2370 1026 2427 1078 et
2459 1022 2760 1079 Portucale
2787 1024 2899 1095 (86)
2932 1023 3007 1095 (ὁ)
3039 1035 3299 1079 castrum
3332 1024 3487 1082 idem

789 1118 978 1174 hostis
1009 1118 1251 1173 invadit.

847 1210 1015 1276 ,Inter
1042 1212 1258 1263 Suevos
1289 1211 1347 1263 et
1372 1206 2009 1278 Gallaacos,inlerfectis
2038 1204 2358 1276 aliquantis
2389 1203 2651 1260 honestis
2684 1204 3081 1273 natu,malum
3108 1205 3322 1262 hostile
3354 1208 3492 1264 mis-

788 1306 972 1357 cetur.

858 1389 1051 1462 Legati
1073 1388 1530 1461 aNepotiano(r)
1548 1388 1828 1459 magistro
1860 1386 2117 1443 militum
2149 1387 2298 1441 107
2331 1389 2389 1440 et
2418 1402 2452 1440 a
2482 1384 2784 1441 Sunierico
2812 1386 3025 1441 comite
3057 1386 3220 1442 missi
3254 1387 3493 1444 veniunt

784 1481 857 1535 ad
892 1479 1192 1548 Gallmcos,
1226 1478 1589 1543 nuntiantes,
1634 1478 2021 1547 Majorianum
2067 1480 2404 1547 Augustum
2431 1483 2484 1529 et
2510 1474 2941 1531 Theudoricum
2988 1492 3180 1545 regem
3235 1476 3491 1533 ﬁrmissa

784 1571 936 1625 inter
970 1587 1031 1625 se
1058 1568 1218 1641 pacis
1241 1570 1381 1638 jura
1412 1568 1700 1637 sanxisse,
1733 1567 1938 1622 Gothis
1972 1567 2029 1620 in
2063 1566 2316 1635 quodam
2349 1564 2669 1619 certamine
2698 1566 2776 1635 (ά)
2807 1566 3096 1636 superatis
3129 1566 3261 1637 (87).

858 1659 1133 1725 Maldras,
1167 1659 1228 1712 in
1261 1658 1375 1712 ﬁne
1403 1658 1517 1727 (88)
1551 1656 1852 1712 Februarii
1884 1658 1956 1727 (e)
1978 1655 2329 1727 jugulatus,
2362 1654 2573 1709 merito
2601 1654 2769 1723 periit
2796 1654 3059 1711 interitu.

855 1752 965 1804 Per
994 1748 1213 1803 Suevos
1244 1751 1400 1802 Luco
1429 1745 1763 1801 habitantes
1783 1746 1839 1799 in
1859 1745 2068 1800 diebus
2102 1742 2341 1799 Paschae
2371 1743 2615 1797 Romani
2649 1743 2931 1813 aliquanti
2962 1760 3097 1799 cum
3130 1749 3352 1800 rectore
3381 1762 3490 1802 suo

782 1837 1028 1892 honesto
1059 1841 1200 1891 natu
1237 1836 1538 1906 repentino
1569 1835 1784 1903 (securi
1816 1835 1885 1889 de
1908 1833 2233 1889 reverentia
2262 1832 2515 1903 dierum)
2547 1832 2897 1888 occiduntur
2927 1835 3189 1888 incursu.

852 1927 1048 1981 Mense
1063 1925 1608 1995 Maio,Majorianus
1639 1923 1952 1995 Hispanias
1978 1922 2308 1993 ingreditur
2328 1922 2664 1992 imperator.
2681 1924 2805 1988 Quo
2822 1922 3340 1994 Carthaginensem
3361 1940 3488 1995 pro-

780 2016 1032 2070 vinciam
1069 2015 1472 2085 pertendente,
1503 2013 1840 2084 aliquantae
1870 2028 2071 2080 naves,
2106 2028 2256 2082 quas
2288 2011 2402 2066 sibi
2432 2012 2503 2065 ad
2535 2011 2854 2066 transitum
2887 2013 3166 2068 adversus
3189 2013 3484 2069 Vandalos

778 2104 1167 2175 prreparabat,
1194 2104 1265 2157 de
1294 2101 1487 2157 littore
1517 2100 1964 2173 Carthaginensi
1990 2102 2058 2171 (Γ)
2089 2099 2366 2155 commoti
2401 2099 2639 2155 Vandali
2675 2116 2778 2172 per
2804 2100 3131 2172 proditores
3162 2101 3483 2173 abripiunt.

780 2193 930 2247 108
965 2192 1341 2262 Majorianus,
1369 2190 1450 2247 ita
1479 2207 1512 2245 a
1544 2208 1650 2246 sua
1678 2190 2048 2245 ordinatione
2081 2191 2423 2255 frustratus,
2456 2190 2527 2243 ad
2561 2188 2786 2244 Italiam
2821 2191 3150 2246 revertitur.

3771 370 3851 428 740

3592 508 3670 547 0L.
3735 511 3781 549 Α.
3815 513 3855 553 C.

3749 584 3832 638 459

3754 1657 3841 1710 460

849 2281 988 2336 Pars
1018 2281 1189 2335 Gothi
1222 2280 1532 2347 exercitus,
1567 2298 1601 2334 a
1629 2279 1927 2334 Sunierico
1959 2284 2015 2334 et
2044 2278 2363 2350 Nepotiano
2392 2278 2708 2333 comitibus
2755 2280 2823 2334 ad
2874 2279 3203 2336 Gallaeciam
3238 2281 3480 2351 directa,
3557 2282 3655 2338 310

779 2371 999 2425 Suevos
1029 2371 1184 2441 apud
1220 2374 1437 2424 Lucum
1470 2369 1881 2440 depraedantur
1909 2371 1982 2438 (g)
2010 2386 2023 2436 ;
2060 2385 2184 2438 quae
2218 2368 2489 2434 Dictinio,
2522 2367 2799 2439 Spinione
2830 2372 2888 2423 et
2919 2370 3166 2425 Ascanio
3207 2370 3488 2426 delatori-

779 2460 909 2528 bus,
944 2458 1477 2531 spargentihusque
1507 2458 1577 2512 ad
1611 2463 1889 2512 terrorem
1919 2458 2169 2529 propriae
2194 2473 2413 2512 venena
2444 2456 2699 2527 perfidiae
2730 2458 2831 2528 (It),
2863 2457 3120 2514 indicata
3146 2459 3207 2529 (ἰ)
3244 2461 3493 2516 recurrit

776 2550 846 2604 ad
887 2565 1048 2605 suos.
1082 2551 1160 2603 Ac
1192 2565 1324 2603 mox
1356 2548 1565 2603 iisdem
1598 2546 1958 2602 delatoribus
1991 2547 2207 2617 quibus
2239 2563 2439 2618 supra,
2471 2547 2835 2618 Frumarius,
2867 2563 3000 2602 cum
3051 2565 3225 2602 manu
3271 2552 3490 2603 Suevo-

776 2655 904 2692 rum
956 2654 1131 2707 quam
1178 2637 1432 2691 habebat
1474 2636 1791 2706 impulsus,
1822 2641 1994 2707 capto
2035 2636 2221 2691 Idatio
2251 2634 2522 2707 episc0po
2552 2653 2631 2689 vn
2664 2637 2791 2690 Kal.
2823 2637 3072 2708 Augusti
3107 2638 3166 2691 in
3196 2636 3493 2708 Aquaeﬂa-

773 2727 959 2782 viensi
990 2728 1055 2798 (j)
1090 2725 1352 2793 ecclesia,
1387 2726 1657 2780 eumdem
1688 2729 2035 2780 conventum
2069 2724 2277 2796 grandi
2311 2724 2517 2779 evertit
2546 2725 2791 2779 excidio.

799 2841 807 2851 ν
850 2816 1309 2871 Remismundus
1339 2814 1529 2869 vicina
1560 2814 1779 2885 pariter
1794 2814 2312 2885 Auregensium(k)
2333 2814 2458 2869 loca
2474 2818 2529 2868 et
2548 2814 2819 2870 Lucensis
2841 2819 3161 2871 conventus
3187 2815 3485 2871 maritima

778 2902 1114 2975 populatur.
1188 2910 1193 2915 ‘

850 2993 1009 3047 Inter
1036 2993 1409 3047 Frumarium
1436 2996 1493 3048 et
1523 2993 2008 3047 Remismundum
2037 2993 2225 3047 oritur
2254 2993 2324 3047 de
2357 2993 2517 3064 regni
2550 2996 2839 3064 potestate
2861 2994 3172 3052 dissensio.

849 3082 1003 3136 109
1031 3083 1409 3138 Gallaacorum
1443 3088 1501 3137 et
1528 3086 1847 3137 Suevorum
1880 3082 2042 3154 pacis
2074 3082 2341 3154 quaedam
2376 3082 2587 3138 umbra
2616 3082 2964 3140 conseritur.

846 3172 890 3225 A
923 3171 1287 3227 Theudorico
1319 3170 1491 3243 legati
1523 3171 1595 3226 ad
1624 3175 1839 3227 Suevos
1868 3171 2111 3226 veniunt
2141 3177 2197 3226 et
2225 3175 2612 3226 revertuntur.

562 3358 715 3432 (a)In
752 3359 1005 3435 Historia
1026 3365 1347 3435 Suevorum
1374 3359 1493 3435 divi
1516 3358 2136 3435 Isidori_Recchimun-
2175 3367 2223 3429 Α
2260 3320 2597 3435 uAVandalis
2630 3376 2807 3435 naves
2827 3359 3009 3435 fuisse
3028 3360 3110 3415 ait
3136 3362 3379 3435 ldatius.
3403 3362 3584 3435 Atqui
3606 3360 3877 3435 littuslon-

492 3431 630 3486 dum
655 3438 712 3486 et
733 3432 1229 3486 Remismundum
1261 3431 1608 3502 reperimus.
1640 3432 1748 3485 Sed
1782 3447 1917 3486 cum
1954 3448 2143 3501 neque

488 3504 548 3556 in
576 3504 853 3558 omnibus
886 3503 1044 3558 illius
1077 3504 1345 3558 Historia:
1387 3503 1834 3572 exemplaribus,
1866 3519 2055 3572 neque
2086 3503 2146 3557 in

488 3574 1111 3629 IdatioRecchimundi
1133 3591 1344 3630 nomen
1370 3591 1627 3645 unquam
1647 3575 2147 3643 legatur,unicum

488 3649 721 3699 tantum
747 3662 997 3715 eumque
1022 3646 1426 3702 Remismundi
1453 3645 1689 3700 nomine
1710 3651 2029 3700 Suevorum
2058 3663 2146 3700 re-

490 3732 621 3785 gem
647 3716 831 3772 fuisse
853 3717 958 3772 hoc
982 3724 1242 3788 tempore
1267 3724 1427 3787 puto.
1455 3718 1515 3771 in
1543 3718 1842 3787 aliquibus
1867 3724 2147 3786 praeterea

488 3788 741 3842 Gothicae
762 3790 1299 3857 Historiaeejusdem
1316 3788 1525 3844 lsidori
1542 3788 1908 3843 Editionibus
1927 3788 2147 3843 Remis-

489 3861 749 3914 mundus
782 3861 997 3915 dicitur
1020 3862 1252 3915 Maldraz
1284 3861 1475 3929 ﬁlius;
1508 3866 1568 3913 at
1598 3861 1653 3913 in
1688 3860 1995 3914 Labbeaua
2027 3862 2145 3915 hazc

484 3932 663 3986 verba
689 3932 926 3996 desunt,
958 3940 1011 3987 et
1044 3934 1267 3987 ldatius
1297 3933 1664 3985 diversarum
1701 3931 1950 4000 partium
1980 3948 2145 4000 reges

484 4002 768 4057 Maldram
804 4008 860 4057 et
889 4004 1381 4058 ltemismundum
1413 4002 1567 4056 facit.
1602 4004 1736 4056 Ideo
1768 4002 1963 4056 verius
1994 4006 2143 4058 exis-

482 4075 624 4129 timo
660 4075 1155 4129 Remismundum
1190 4092 1305 4129 non
1342 4074 1526 4128 fuisse
1555 4072 1790 4127 Maldraa
1824 4074 2033 4127 tilium.

555 4146 627 4216 (b)
649 4147 826 4201 Penes
848 4146 1128 4202 Gallaecos
1157 4147 1265 4201 hoc
1292 4150 1552 4201 castrum
1584 4162 1650 4200 eo
1677 4150 1939 4216 tempore
1960 4145 2144 4201 fuisse

482 4217 774 4271 existimo.
809 4217 937 4271 Not.
971 4220 1059 4272 86.

556 4288 628 4355 (ε)
660 4288 825 4342 Nunc
856 4290 1111 4359 primum
1144 4290 1298 4360 apud
1332 4288 1551 4344 Gothos
1581 4288 1826 4343 comites
1849 4289 2143 4359 etmagis-

487 4360 609 4412 tros
661 4359 915 4413 militum
967 4361 1116 4430 lego.
1149 4359 1227 4413 An
1263 4362 1457 4431 reipsa
1490 4360 1637 4415 tales
1666 4364 1834 4431 erant
1863 4360 2139 4431 Nepotia-

485 4444 597 4483 nus
623 4431 1079 4486 etSuniericus‘?
1107 4448 1176 4483 an
1204 4432 1425 4484 ldatius
1447 4448 1477 4485 a
1500 4431 1780 4485 Romanis
1804 4430 1912 4485 hos
1935 4430 2140 4486 titulos

485 4500 541 4554 in
571 4517 671 4555 eos
702 4503 1007 4557 transtulit
1028 4506 1055 4555 ?
1082 4504 1231 4556 Sane
1261 4502 1630 4556 Suniericum
1664 4502 1922 4557 Gothum
1957 4502 2139 4557 fuisse

482 4588 599 4626 non
634 4573 855 4627 dubito.
896 4575 962 4627 Et
1008 4574 1141 4628 licet
1192 4574 1512 4643 Nepotiano
1563 4590 1775 4627 nomen
1825 4574 2135 4629 Gothicum

481 4661 599 4699 non
646 4645 744 4711 sit,
777 4645 887 4699 sub
938 4644 1304 4700 Theudorico
1357 4645 1642 4699 militasse
1694 4650 1943 4699 testatur
1987 4646 2139 4700 infra

483 4715 709 4789 ldatius
736 4736 749 4784 ;
785 4721 1039 4772 attamen
1063 4716 1380 4789 adhaesisse
1402 4715 1606 4789 Gothis
1627 4716 1814 4785 potuit
1833 4722 1963 4789 post
1982 4718 2131 4771 Aviti
2165 4727 2211 4789 Β

479 4786 804 4853 interitum,
840 4789 993 4843 sicut
1024 4788 1198 4843 etiam
1230 4788 1590 4850 Suniericus,
1624 4792 1802 4857 atque
1834 4788 1928 4842 hic
1958 4790 2137 4843 comi-

478 4860 631 4926 tivas,
664 4859 761 4914 ille
792 4862 1138 4932 magisteria:
1173 4859 1479 4925 honorem,
1512 4873 1686 4932 quem
1732 4859 1884 4932 apud
1920 4862 2131 4915 Roma-

479 4946 586 4986 nos
617 4931 811 5001 adepti
845 4930 1032 4997 erant,
1068 4932 1219 4986 inter
1244 4932 1456 4986 Gothos
1507 4930 1817 5002 retinuere.
1853 4930 2129 5002 Ostrogo-

478 5002 1029 5059 thusTheodoricus
1062 5003 1404 5073 hujusmodi
1440 5001 1674 5057 honoris
1705 5002 1925 5070 gradus
1958 5006 2131 5073 paulo

479 5079 611 5155 post
640 5074 699 5128 in
737 5074 1198 5155 italicumsuum
1234 5090 1480 5155 regnum
1513 5073 1768 5155 invexit;
1803 5077 1953 5145 apud
1980 5075 2131 5130 Visi-

478 5145 686 5215 gothos
718 5163 833 5201 non
867 5147 980 5202 nisi
1012 5146 1183 5217 longe
1214 5145 1405 5202 serius
1434 5145 1790 5200 invenimus.

547 5217 623 5289 (μ)
658 5217 903 5272 Ubinam
936 5226 1167 5289 gestum
1200 5219 1274 5273 sit
1306 5219 1413 5273 hoc
1442 5217 1684 5289 bellum,
1718 5217 1774 5271 in
1812 5234 1925 5287 quo
1959 5218 2132 5273 Gothi

478 5302 511 5339 a
555 5287 835 5360 Romanis
882 5287 1018 5345 victi
1064 5296 1224 5354 sunt,
1282 5306 1397 5343 non
1442 5288 1717 5360 exprimit
1768 5289 2009 5342 ldatius.
2065 5290 2130 5344 In

474 5358 668 5432 Gallia
716 5366 1041 5432 pugnatum
1076 5362 1231 5416 inter
1262 5358 1544 5431 utrosque
1575 5360 1759 5415 fuisse
1791 5377 1860 5414 ex
1891 5362 2130 5416 Sidonio

477 5428 964 5499 colligiturfNot.
996 5433 1087 5486 87.

547 5501 616 5569 (e)
643 5503 720 5555 Ex
754 5508 1013 5574 tempore
1054 5520 1168 5573 quo
1215 5503 1517 5574 Maldram,
1552 5517 1831 5570 regnasse
1880 5508 2129 5570 constat,

473 5570 659 5642 liquet
694 5570 943 5629 ldatiu'm
976 5570 1089 5629 ista
1112 5576 1179 5629 ad
1206 5592 1427 5628 annum
1457 5573 1773 5627 Abrahami
1798 5575 1941 5627 2476
1972 5580 2129 5630 retu-

474 5642 770 5773 gsse,8%ui
817 5662 949 5700 cum
1002 5664 1154 5701 anno
1205 5664 1328 5700 ears:
1364 5644 1620 5716 vulgaris
1666 5646 1771 5698 460
1816 5650 2127 5701 concurrit.

530 5722 609 5772 Οἱ.
724 5758 736 5770 .

530 5722 609 5772 ot.
648 5719 736 5770 88.

546 5788 614 5860 (Ι)
641 5788 947 5856 Delittore,
972 5806 1085 5845 non
1112 5790 1181 5845 de
1205 5793 1373 5861 portu
1392 5787 1831 5859 Carthaginensi
1858 5788 2131 5861 abreptas

2260 3431 2392 3501 gius
2424 3446 2486 3484 se
2517 3431 2797 3496 extendit,
2820 3432 2891 3485 ad
2916 3448 3077 3486 oram
3103 3432 3327 3489 scilicet
3354 3431 3708 3491 maritimam
3727 3433 3880 3489 totius

2256 3501 2582 3628 provinciae.
2621 3502 3011 3567 Quamobrem
3044 3520 3245 3559 verum
3275 3522 3404 3561 esse
3435 3507 3706 3562 existimo
3748 3505 3879 3575 quod

2285 3574 2476 3628 larius
2496 3575 2901 3628 Aventicensis
2924 3577 3188 3628 pressius
3210 3578 3439 3628 scribit-
3466 3580 3605 3628 dum
3628 3578 3707 3628 ait
3730 3589 3878 3628 prone

2285 3574 2901 3647 iariusAventicensis
2924 3577 3188 3647 pressius
3210 3578 3439 3646 scribit,
3466 3580 3606 3633 dum
3628 3578 3707 3632 ait
3729 3574 3878 3647 prope

2255 3646 2452 3721 llicem
2484 3645 2600 3699 ista
2630 3646 2969 3721 contigisse.
3005 3646 3187 3721 Porro
3213 3649 3271 3703 in
3304 3649 3406 3721 illa
3435 3668 3535 3705 ora
3570 3645 3880 3721 promonto-

2252 3717 2547 3793 riumest,
2582 3718 2752 3793 cujus
2784 3716 3007 3793 nullam
3043 3720 3193 3787 apud
3234 3720 3513 3790 antiquos
3544 3716 3879 3793 geographos

2253 3788 2612 3843 mentionem
2649 3788 2918 3856 invenio;
2952 3806 3109 3844 nunc
3139 3797 3335 3847 autem
3370 3788 3731 3848 nostratibus
3761 3789 3879 3843 Cabo

2250 3860 2315 3914 de
2364 3862 2537 3935 Sunia
2569 3860 2699 3913 Pola
2732 3860 2971 3935 dicitur,
3002 3863 3416 3933 duplicemque
3451 3867 3667 3935 praebet
3695 3862 3878 3917 statio—

2252 3948 2408 3991 nem.
2435 3930 2679 3985 alteram
2712 3932 2781 3984 ad
2817 3937 3033 3991 ortum.
3062 3930 3161 3987 ubi
3192 3930 3392 3997 Alona,
3430 3930 3672 3990 alteram
3704 3936 3765 3988 ad
3795 3947 3877 3984 oc—

2250 4002 2581 4065 casum,ubi
2605 4007 2864 4079 castrum
2886 4009 2983 4079 est
3003 4008 3059 4058 et
3080 4005 3309 4079 viculus
3327 4006 3506 4079 vulgo
3520 4010 3877 4075 Lugarnuew,

2252 4073 2739 4150 utramquesatis
2772 4073 3017 4150 navibus
3066 4077 3241 4130 ﬁdam
3275 4073 3464 4147 atque
3489 4073 3875 4150 Opportunam.

2319 4144 2394 4215 (g)
2425 4144 2483 4197 In
2518 4145 2786 4198 Editione
2818 4145 3057 4211 Veneta,
3077 4165 3230 4202 anno
3258 4144 3421 4215 1728,
3445 4144 3671 4205 hec'ita
3700 4150 3753 4201 in
3784 4146 3875 4199 Ms.

2251 4216 2493 4291 reperiri
2525 4216 2843 4271 adnotatur
2868 4234 2880 4270 :
2905 4217 3104 4291 Suevos
3133 4220 3277 4290 apud
3307 4222 3522 4277 Lucum
3551 4221 3880 4291 depraedatqu

2248 4285 2582 4353 habitantes,
2609 4294 2751 4364 εἰς..
2784 4304 2961 4364 quam
2991 4285 3307 4364 lectionem
3355 4285 3697 4364 germanam
3732 4285 3878 4345 ldatii

2248 4375 2379 4434 esse
2408 4364 2563 4434 puto.
2609 4360 2867 4414 [labetur
2896 4361 2954 4415 id
2988 4360 3045 4415 in
3079 4360 3446 4434 praefatione,
3480 4371 3623 4420 tom.
3660 4366 3705 4418 ll
3732 4366 3879 4433 Oper.

2246 4431 2559 4485 Sirmondi.

2319 4503 2676 4576 (hl_Apparet
2710 4501 3051 4570 Dictinium,
3096 4505 3438 4576 Spinioncm
3492 4512 3551 4563 et
3597 4505 3880 4562 Ascanium

2248 4573 2518 4646 homines
2568 4573 2751 4646 fuisse.
2806 4576 3081 4643 perﬁdos,
3115 4573 3215 4646 qui
3272 4596 3431 4633 nunc
3480 4586 3716 4641 Suevos,
3747 4587 3882 4630 nunc

2249 4645 2527 4699 Gallaecos
2560 4644 2963 4714 prodiderunt,
2993 4644 3383 4715 illos‘Gothis,
3418 4652 3528 4706 hos
3559 4651 3775 4706 Suevis.

2314 4717 2378 4784 (ἰ)
2412 4717 2761 4785 Suspectum
2797 4717 2942 4771 mihi
2974 4728 3062 4772 est
3090 4723 3333 4775 verbum
3376 4722 3547 4778 illud.
3581 4727 3645 4776 In
3675 4717 3878 4774 Sando-

2244 4788 2379 4841 valii
2411 4788 2593 4842 [datio
2624 4787 2834 4841 lacuna
2864 4794 2968 4843 hoc
3000 4790 3124 4846 loco
3153 4793 3431 4847 cernitur.

2314 4860 2378 4928 {j)
2413 4860 2572 4923 Quod
2607 4857 2665 4911 in
2697 4859 3112 4927 Aquiﬂaviensi
3142 4865 3389 4920 ecclesia
3418 4864 3695 4920 inventus
3726 4856 3882 4915 fuerit

2243 4930 2519 5007 ldatiusa
2540 4929 2841 5007 Frumario
2865 4939 2922 5007 e_t
2944 4934 3012 5007 ad
3037 4936 3301 4989 eamdem
3338 4944 3469 5007 post
3488 4937 3725 4990 tertium
3744 4945 3881 5007 me}.

2242 5018 2365 5077 sem
2400 5001 2657 5077 redierit,
2690 5000 2851 5057 illius
2882 5003 3153 5060 Ecclesiae
3184 5000 3530 5077 episcopum
3569 5008 3744 5063 fuisse
3766 5002 3881 5058 alla-

2241 5073 2345 5126 tim
2383 5072 2658 5127 declarat.

2314 5143 2389 5214 (ιε)
2420 5151 2505 5198 An
2540 5160 2688 5214 quos
2720 5143 2813 5199 hic
2844 5146 3212 5215 Auregenses
3242 5154 3408 5205 vocat
3445 5150 3667 5205 ldatius
3715 5146 3873 5202 iidem

2242 5214 2327 5293 i_l_li
2360 5221 2499 5270 sunt
2546 5216 2646 5293 qui
2697 5216 2755 5270 in
2808 5216 3001 5288 lapide
3032 5222 3456 5293 Aquiflavieusi
3508 5220 3880 5293 Aobrigenseg

2242 5287 2571 5341 dicuntur?
2604 5288 2755 5342 Sane
2789 5287 2999 5344 nomen
3034 5287 3147 5345 non
3184 5292 3434 5348 multum
3474 5287 3721 5348 abludit.
3754 5287 3878 5343 Etsi

2241 5359 2667 5436 Quregensium
2700 5358 2933 5436 _ci_vitas
2992 5366 3193 5436 eadem
3256 5370 3345 5419 est
3394 5382 3461 5419 ac
3514 5381 3692 5436 quam
3741 5371 3879 5415 nunc

2244 5431 2444 5486 Orense
2475 5429 2642 5495 vulgo
2682 5430 2957 5500 dicimus,
2990 5439 3047 5488 et
3078 5435 3148 5488 ad
3182 5429 3548 5490 conventum'
3575 5438 3877 5491 Lucensem

2243 5503 2447 5577 procul
2477 5502 2653 5577 dubio
2687 5505 2988 5577 pertinuit,
3014 5510 3069 5558 et
3092 5506 3253 5576 ponti
3286 5505 3877 5577 Aquiﬂaviensicoas-f

2243 5570 2620 5650 t_ruendo,_ob
2650 5570 3034 5650 vicinitatem,
3069 5570 3239 5646 opem
3299 5570 3449 5634 ferre
3500 5587 3559 5634 et
3611 5577 3791 5650 potuit
3832 5570 3880 5625 et

2244 5646 2463 5723 debuit.
2486 5644 2753 5723 Joannes
2788 5644 3136 5723 Biclarensis
3165 5667 3318 5707 anno
3352 5653 3384 5702 7
3420 5644 3735 5723 Leovigildi
3767 5659 3875 5699 me-

2244 5718 2415 5771 minit
2444 5718 2615 5771 etiam
2649 5724 2875 5773 montes
2905 5721 3251 5790 Aregenses.
