4158 6322
224 324 332 381 741

254 468 461 508 IMPEB.

575 520 919 577 Suniericus
949 520 1242 577 Scalabim
1273 521 1375 594 (a),
1409 521 1503 578 cui
1530 524 1971 593 adversabatur,
2001 526 2229 583 obtinet
2258 526 2576 584 civitatem.

1406 328 1631 382 IDATII
1670 328 1992 385 RPISCOPI
2030 329 2465 386 CHRONIOON.

3534 336 3641 390 742

3288 475 3373 515 οι..
3450 479 3506 517 Α.
3546 478 3601 518 C.

577 612 822 682 Idatius,
851 610 952 682 qui
984 627 1185 683 supra,
1217 612 1408 668 tribus
1441 613 1749 671 mensibus
1787 615 2141 687 captivitatis
2171 616 2447 689 impletis,
2508 634 2711 673 mense
2742 617 3050 673 Novembri
3105 619 3209 691 (b),

505 703 843 759 miserantis
874 701 975 757 Dei
994 702 1202 773 gratia,
1234 707 1438 759 contra
1468 708 1665 761 votum
1696 709 1753 760 et
1782 706 2212 762 ordinationem
2241 708 2715 779 supradictorum
2749 708 3075 763 delatorum
3112 709 3208 780 (ε),

509 793 663 848 redit
694 792 765 847 ad
800 791 1027 846 Flaviae
1057 791 1158 862 (ά).

584 882 665 938 De
696 897 831 953 rege
858 880 1223 937 Theudorico
1254 880 1431 954 legati
1464 883 1655 955 gentis
1686 886 1919 956 perfida:
1940 885 2013 957 (ε)
2039 890 2432 941 revertuntur.

587 970 921 1027 Gaisericus
955 986 1054 1026 rex
1081 988 1116 1026 a
1144 971 1463 1042 Majoriano
1495 973 1843 1045 imperatore
1875 991 1977 1045 per
2006 974 2228 1047 legatos
2260 975 2518 1047 postulat
2547 992 2750 1047 pacem
2782 976 2871 1048 (Ι).

261 1079 318 1117 v.
594 1061 748 1115 110
782 1060 851 1131 (g)
888 1060 1273 1130 Majorianum
1307 1062 1378 1117 de
1409 1061 1611 1118 Galliis
1642 1067 1887 1119 Romam
1917 1065 2259 1120 redeuntem
2291 1070 2348 1121 et
2384 1071 2647 1121 Romano
2698 1066 2944 1138 imperio
2986 1067 3074 1123 vel
3110 1084 3213 1123 no-

3502 1071 3604 1125 461

517 1147 659 1206 mini
684 1165 777 1205 res
818 1150 1180 1206 necessarias
1209 1151 1579 1207 ordinantem
1612 1152 1938 1223 Rechimer,
1972 1152 2152 1210 livore
2182 1152 2442 1224 percitus
2473 1158 2529 1209 et
2574 1154 2907 1210 invidorum
2970 1156 3215 1212 consilio

522 1238 728 1306 fultus,
762 1239 969 1295 fraude
998 1239 1280 1296 interﬁcit
1309 1241 1768 1297 circumventum
1795 1243 1899 1313 (ἡ).

584 1330 983 1385 Romanorum
1012 1330 1151 1387 XLV
1208 1330 1455 1387 Severus
1483 1348 1513 1386 a
1548 1336 1754 1386 senatu
1791 1333 1981 1387 Romae
2012 1335 2317 1405 Augustus
2349 1333 2678 1406 appellatur
2706 1335 2769 1407 (i)
2803 1351 2954 1391 anno
2985 1334 3219 1407 imperii

523 1419 733 1474 Leonis
765 1418 991 1490 quinto.

256 1525 339 1563 Vl.
382 1524 425 1564 Ι.

523 1596 734 1669 accipit
764 1613 1155 1653 succesorem.

607 1507 671 1579 (j)
701 1507 1037 1563 Suniericus
1071 1508 1221 1564 redit
1276 1508 1347 1565 ad
1408 1508 1646 1565 Gallias.
1698 1510 2080 1582 Nepotianus,
2112 1512 2474 1569 Theudorico
2524 1512 2853 1582 ordinante,
2898 1513 3211 1569 Arborium

3505 1517 3611 1571 462

600 1686 666 1740 In
699 1685 996 1757 provincia
1028 1686 1309 1743 Gallaacim
1343 1687 1747 1760 prodigiorum
1792 1688 2068 1745 videntur
2112 1692 2283 1763 signa
2324 1692 2577 1748 diversa.
2634 1692 2765 1747 [Era
2798 1693 2861 1762 D,
2913 1693 2981 1749 VI
3030 1692 3225 1749 Nonas

537 1775 796 1842 Martias,
817 1778 857 1829 1
878 1779 911 1831 ι
928 1778 965 1830 l
997 1776 1289 1847 pullorum
1313 1782 1485 1832 cantu
1510 1777 1581 1832 ab
1608 1794 1819 1834 occasu
1852 1778 2163 1848 solis,lnna
2184 1780 2243 1835 in
2264 1780 2611 1851 sanguinem
2644 1780 2819 1853 plcna
2847 1782 3225 1836 convertitur.

527 1865 689 1920 Idem
721 1865 847 1922 dies
875 1869 1040 1921 sexta
1074 1865 1217 1921 feria
1247 1865 1357 1920 fuit
1386 1866 1499 1937 (89)
1527 1865 1626 1938 (Ic).

635 1954 920 2011 Antochia
950 1956 1138 2025 major
1161 1956 1397 2011 Isauria
1424 1955 1536 2027 (97)
1562 1956 1624 2027 (ι)
1656 1955 1999 2013 inobediens
2032 1958 2273 2014 monitis
2305 1957 2661 2014 salutaribus
2692 1959 2814 2030 (m),
2845 1963 3001 2013 terra
3036 1957 3229 2013 dehis-

531 2049 695 2101 cente
727 2044 1085 2115 demergitur
1112 2043 1216 2117 (η).
1274 2048 1505 2100 tantum
1539 2045 1729 2117 ipsius
1758 2046 2015 2102 civitatis
2045 2046 2387 2118 aliquantis,
2444 2048 2545 2119 qui
2599 2064 2687 2115 ea,
2744 2048 3128 2103 obaudientes
3158 2047 3226 2103 ti-

531 2133 675 2190 mori
703 2132 959 2200 Domini,
987 2137 1128 2187 sunt
1155 2133 1363 2201 secuti,
1396 2135 1466 2190 de
1499 2134 1737 2190 interitu
1796 2134 2063 2192 liberatis
2101 2137 2353 2193 turrium
2401 2137 2578 2192 etiam
2626 2136 2768 2192 solis
2818 2136 3226 2193 cacuminibus

526 2223 892 2279 exstantibus
951 2239 1130 2293 super
1160 2226 1400 2279 terram.

603 2311 933 2368 Gaisericus
977 2312 1376 2369 Valentiniani
1417 2312 1679 2369 relictam
1725 2314 2292 2386 Constantinopolim
2340 2315 2589 2370 remittit
2618 2314 2731 2387 (9t)
2763 2315 2857 2386 (ο).
2896 2312 3047 2369 Filiae
3079 2331 3219 2385 suae,
3261 2332 3347 2371 ιιι.

531 2418 648 2457 una
677 2401 923 2457 Gentoni
953 2401 1055 2473 (p),
1087 2402 1367 2458 Gaiserici
1401 2403 1519 2458 ﬁlio
1550 2403 1685 2475 (92),
1717 2404 1832 2459 alia
1861 2403 2123 2475 Olybrio,
2156 2404 2408 2461 senatori
2442 2404 2600 2465 urbis
2635 2404 3001 2474 Romm,jure
3024 2404 3230 2460 matri-

528 2491 707 2546 monii
739 2490 1112 2563 copulantur.

599 2578 956 2651 Agrippinus
986 2581 1097 2650 (93)
1129 2580 1206 2652 (ᾳ)
1236 2580 1438 2637 Gallus
1468 2585 1525 2637 et
1562 2596 1759 2637 comes
1787 2585 1846 2636 et
1875 2580 2015 2637 civis
2043 2582 2267 2653 IEgidio
2298 2580 2521 2648 comiti,
2571 2581 2694 2637 viro
2742 2580 2983 2654 insigni,
3036 2582 3225 2639 inimi-

528 2684 654 2737 cus,
688 2671 752 2722 ut
779 2667 1101 2725 Gothorum
1134 2674 1459 2726 mereretur
1486 2670 1720 2740 auxilia,
1752 2671 2082 2727 Narbonem
2108 2671 2354 2726 tradidit
2380 2670 2762 2727 Theudorico.

267 2775 379 2815 VII.
424 2774 485 2814 II.

595 2756 667 2830 (r)
689 2757 984 2815 Adversus
1003 2758 1584 2829 Egidiumlcomitem
1606 2763 1917 2834 utriusque
1934 2764 1974 2816 l
1986 2763 2027 2816 l
2040 2761 2087 2817 2
2102 2758 2325 2817 militia:
2347 2760 2633 2828 virum,ut
2656 2759 2811 2816 lama
2826 2762 3220 2830 commendat,

3510 2766 3616 2821 463

313 2865 403 2945 (α).
425 2861 690 2945 Scalabis
716 2869 1042 2945 nota_nu_nc
1064 2869 1156 2921 est
1174 2867 1505 2945 Lusitaniae
1523 2868 1750 2945 civitas
1783 2870 1893 2945 sub
1924 2873 1980 2939 Α
2004 2856 2228 2939 perator
2254 2883 2356 2945 xui
2388 2867 2505 2923 Kal.
2534 2867 3023 2945 pecernq._Eidem
3049 2867 3186 2924 huic
3219 2886 3377 2945 apno
3397 2870 3659 2945 alligant

235 2935 486 2992 nomine
514 2935 822 2992 Santarem.
848 2937 1157 2993 Ptolemaeo
1188 2939 1439 3007 colonia,
1474 2940 1663 2997 Plinio
1699 2941 1893 2997 muni-

234 3009 467 3079 cipium
498 3007 712 3062 civium
744 3012 1141 3065 Romanorum
1173 3010 1301 3065 fuit.

316 3081 396 3153 (ὁ)
430 3083 628 3153 Annon
661 3080 991 3136 clarissime
1021 3083 1277 3137 ostendit
1308 3100 1464 3139 nunc
1498 3085 1743 3152 Idatius,
1777 3103 1838 3141 se
1868 3102 1900 3141 a

236 3152 551 3221 Januario,
586 3167 699 3206 non
728 3157 921 3207 autem
956 3154 1028 3209 ab
1048 3153 1292 3228 Octobri
1323 3172 1547 3211 annum
1582 3157 1895 3228 auspicari,

237 3240 381 3281 cum
419 3240 450 3279 a
481 3239 684 3279 mense
699 3230 966 3296 Augusto
993 3225 1062 3279 ad
1099 3224 1482 3282 Novembrem
1509 3224 1770 3284 transeat
1791 3230 1900 3284 sub

238 3296 451 3371 eadem
486 3296 1066 3371 nota‘chronologica
1115 3313 1232 3368 qua
1265 3298 1295 3351 4
1328 3314 1547 3356 annum
1597 3300 1902 3371 Majoriani

240 3368 585 3438 designavit
612 3367 640 3421 ‘I

318 3441 395 3515 (ο)
420 3439 764 3505 Dictinium,
789 3438 1125 3515 Spinionem
1160 3444 1215 3515 et
1247 3442 1567 3515 Ascanium
1601 3441 1903 3515 intelligit,

239 3512 457 3575 Idatio,
491 3517 555 3564 ut
584 3517 851 3581 apparet,
896 3512 1149 3565 maxime
1178 3511 1446 3568 infestos.

322 3583 401 3653 ((1)
429 3580 677 3638 Morales
707 3586 765 3636 et
796 3583 1057 3637 Mariana
1104 3583 1325 3637 Flavius
1358 3585 1411 3639 in
1446 3583 1613 3639 Iriam
1650 3585 1903 3640 Flaviam

220 3658 787 3719 ‘commutaverunt,
822 3654 1049 3726 decepti
1079 3672 1111 3709 a
1143 3654 1425 3711 Roderico
1458 3656 1760 3725 Toletano,
1783 3657 1904 3726 qui,

250 3728 404 3782 dum
436 3726 559 3780 haec
587 3731 808 3780 narrat.
836 3725 1085 3781 b‘laviam
1114 3743 1212 3795 pro
1240 3726 1408 3798 Aquis
1438 3729 1645 3782 Flaviis
1681 3725 1903 3783 scribit.

250 3798 519 3853 Isidorus
550 3798 731 3851 etiam
771 3812 885 3851 non
918 3799 1115 3867 Aquas
1146 3798 1370 3853 Flavias
1404 3801 1505 3852 sed
1539 3799 1744 3853 urbem
1776 3800 1905 3853 Fla-

255 3871 524 3925 viensem
558 3869 900 3924 nominavit.
936 3869 1185 3924 Morales
1238 3875 1295 3925 et
1342 3869 1604 3927 Mariana
1653 3870 1907 3927 Idatium

256 3958 383 3997 non
415 3940 698 3995 viderant.

336 4011 414 4084 (ε)
446 4012 765 4084 Suevorum
798 4010 1020 4084 scilicet
1050 4011 1262 4082 gentis.

327 4082 403 4155 (Γ)
425 4082 756 4139 Gaisericus
779 4083 1044 4155 equidem
1069 4083 1494 4155 expeditionem
1524 4085 1824 4151 Maioriani
1848 4086 1907 4140 in

254 4154 546 4228 Africam,
580 4156 809 4225 direpta
840 4154 1000 4209 illius
1032 4154 1218 4228 classe
1272 4156 1350 4228 in,
1386 4156 1577 4211 littore
1610 4157 1911 4228 Carthagi-

2007 2938 2503 3014 nuncupationem
2532 2938 2727 3014 Severi
2759 2939 3131 3014 Marcellinus
3160 2945 3217 2995 et
3246 2938 3654 3014 Cassiodorus,

2004 3028 2184 3084 quam
2218 3011 2504 3084 Ravenna;
2538 3011 2750 3065 factam
2807 3011 2989 3066 fuisse
3040 3012 3122 3067 ait
3170 3015 3391 3069 Marius
3422 3011 3655 3070 AventiQ

2005 3083 2220 3157 censis.
2254 3085 2327 3136 At
2357 3083 2704 3157 Idatiusres
2733 3099 2838 3137 suo
2870 3086 3132 3155 tempore
3181 3090 3379 3155 gestas
3431 3092 3657 3157 narrat,

2006 3171 2122 3211 non
2156 3154 2238 3209 ita
2270 3170 2428 3209 nunc
2456 3155 2695 3209 Marius.

2079 3227 2144 3297 (j)
2174 3226 2258 3279 Ad
2292 3225 2341 3280 si
2394 3225 2595 3280 Leonis
2646 3241 2865 3279 annum
2920 3241 3174 3295 quocum
3208 3226 3480 3282 currebat
3537 3246 3660 3282 aera;

2007 3296 2271 3371 vulgaris
2286 3296 2623 3371 7462,S_e_veri
2639 3312 2876 3371 .annuin
2896 3297 2931 3348 2
2947 3303 3003 3371 et
3018 3298 3662 3371 Abrahami27480,praa-

2010 3366 2209 3424 ferunt
2239 3369 2370 3421 libri
2414 3368 2574 3423 editi.
2635 3366 2747 3421 Sed
2803 3367 2997 3423 Severi
3055 3386 3245 3424 annus
3279 3371 3301 3423 1
3338 3370 3430 3425 hic
3462 3366 3655 3426 co‘nsi-

2011 3441 2286 3513 gnandus
2317 3443 2427 3515 est,
2460 3438 2778 3515 Abrahami
2832 3456 2965 3494 vero
3016 3440 3191 3515 2480,
3235 3443 3494 3498 secundo
3528 3446 3662 3515 post

2011 3511 2371 3584 annotquod
2403 3527 2472 3584 ea
2502 3511 2677 3566 dictis
2709 3528 2889 3581 supra
2921 3513 3318 3584 consequitur.

2081 3582 2159 3655 (k)
2191 3583 2271 3657 Ea
2303 3583 2410 3657 hoc
2441 3581 2566 3636 loco
2598 3586 2862 3657 apparet,
2919 3581 3586 3657 Idatii‘cbronologiam
3630 3601 3663 3657 a

2011 3653 2277 3709 librariis
2308 3653 2493 3708 fuisse
2539 3653 2962 3724 perturbatam.
2995 3653 3140 3709 Vide
3186 3662 3386 3712 notam
3435 3653 3526 3725 89,
3562 3655 3662 3711 ubi

2018 3726 2132 3781 alia
2163 3725 2335 3779 etiam
2368 3725 2651 3779 invenies.

2084 3798 2145 3867 (ι)
2179 3797 2308 3851 Ηωο
2349 3795 2525 3851 dubio
2563 3794 2761 3866 procul
2795 3795 3143 3867 itascripsit
3172 3798 3397 3852 Idatius
3423 3814 3435 3851 :
3462 3799 3660 3853 Antio-

2013 3869 2139 3923 chia
2172 3867 2402 3940 majoris
2433 3867 2611 3940 Syria
2642 3867 2962 3923 inobcdiens
2992 3870 3214 3923 monitis
3250 3870 3661 3925 salutaribus...

2014 3940 2472 4068 aliquantisvai
2515 3955 2578 3994 ea
2624 3940 2882 4008 (munita)
2921 3940 3275 3996 obaudientes
3318 3940 3510 3996 timori
3552 3942 3663 3996 Do-

2014 4014 2177 4068 mini.
2210 4022 2316 4066 etc.
2403 4014 2491 4065 ide
2524 4020 2718 4066 notam
2750 4010 2821 4064 90
2854 4028 2909 4064 n.
2946 4012 2996 4065 1.

2012 4010 2177 4075 mihi,
2210 4022 2316 4066 etc.
2354 4010 2491 4068 Vide
2524 4020 2718 4066 notam
2750 4010 2821 4064 90
2854 4028 2909 4064 n.
2946 4012 2996 4065 1.

2087 4084 2185 4155 (m)
2220 4085 2353 4148 Quae
2378 4083 2597 4155 monita
2622 4084 2846 4155 dederit
2866 4082 2978 4155 hoc
3003 4087 3263 4154 tempore
3284 4081 3663 4138 Anliochenis

2016 4153 2501 4211 sanctusSimcon
2526 4153 2755 4223 Stylita.
2772 4153 2917 4207 Vide
2930 4153 3197 4209 eamdem
3216 4162 3412 4210 notam
3431 4155 3522 4223 90,
3543 4154 3661 4210 n.2.

252 4227 454 4300 nensi,
482 4224 945 4300 disturbaverat;
979 4226 1077 4280 sed
1101 4232 1296 4300 tamen
1331 4227 1535 4283 fortem
1572 4224 1908 4283 strenuum-
1940 4235 1986 4296 Β
2090 4228 2172 4296 (η)
2205 4232 2280 4280 Do
2313 4242 2629 4300 anno‘quo
2679 4224 2774 4280 hic
2826 4228 2992 4280 terrae
3037 4233 3231 4282 motus
3264 4227 3534 4300 contigit,
3566 4243 3664 4283 ea-

258 4316 383 4371 que
415 4299 826 4372 imperatorem
861 4299 1160 4354 subvereri
1194 4304 1468 4370 coepcrat,
1520 4300 1768 4372 ideoquo
1810 4317 1909 4371 pa-

256 4388 394 4428 cem
427 4371 501 4425 ab
534 4386 600 4425 eo
633 4371 911 4441 postulat.

335 4442 415 4513 (g)
448 4442 681 4513 Vulgati
705 4440 837 4513 libri
864 4442 973 4497 hoc
999 4441 1058 4497 in
1082 4442 1209 4497 loco
1232 4444 1400 4495 notas
1428 4441 1740 4512 praeferunt
1763 4443 1912 4497 duas

256 4531 295 4568 ν
319 4512 661 4569 etiannum
705 4512 911 4568 Leonis
939 4514 1213 4584 quintum
1236 4517 1295 4567 et
1324 4514 1581 4584 primum
1623 4514 1811 4568 Severi
1836 4516 1913 4568 si-

257 4585 639 4657 gniﬁcantes.
700 4584 915 4657 Verum
974 4586 1145 4640 Idatii
1207 4590 1523 4657 perpetuus
1576 4602 1701 4640 mos
1732 4591 1917 4640 estut

260 4655 496 4711 nullius
529 4655 811 4728 principis
844 4672 1027 4712 annos
1077 4655 1333 4724 adnotet,
1385 4657 1526 4725 quin
1565 4656 1724 4727 prius
1757 4658 1913 4726 ejus-

257 4730 400 4785 dem
436 4728 948 4800 inaugurationem
1000 4730 1280 4783 enuntiet.
1316 4728 1490 4800 Atqui
1542 4728 1621 4783 ita
1670 4745 1759 4782 res
1790 4729 1917 4799 ipsa

260 4800 536 4873 postulat
561 4799 746 4873 {cuni
771 4816 1086 4873 agnoscere
1111 4804 1361 4871 nequeat
1384 4799 1570 4855 lector
1602 4802 1913 4873 cujusnam

260 4871 560 4944 principis
591 4871 870 4944 epocham
906 4872 1142 4944 denotet
1160 4889 1343 4925 novus
1366 4887 1674 4941 numerus,
1694 4871 1741 4944 si
1768 4888 1914 4925 non-

260 4946 413 4999 dum
449 4960 635 4999 novus
667 4943 939 5015 princeps
971 4943 1027 4997 in
1061 4943 1343 5015 Chronico
1366 4946 1681 5015 apparuit.
1713 4943 1917 4997 Praete-

262 5034 368 5071 rea
400 5016 629 5071 cunctis
661 5014 815 5071 retro
858 5014 1222 5085 principibus
1280 5014 1642 5083 adiudicavit
1696 5014 1917 5069 Idatius

258 5103 496 5142 annum
530 5087 695 5142 illum
731 5103 844 5157 quo
876 5086 995 5140 vita
1040 5086 1220 5141 functi
1274 5091 1435 5157 sunt,
1468 5087 1698 5141 etiamsi
1749 5085 1918 5157 initio

260 5162 398 5229 ejus
430 5156 805 5214 excesserint.
873 5157 1052 5226 Igitur
1083 5157 1315 5229 unicam
1346 5156 1497 5213 hanc
1530 5164 1725 5213 notam
1756 5175 1794 5210 v
1824 5156 1919 5212 hic

261 5228 477 5295 al’tixit,
521 5247 725 5285 annum
760 5230 1035 5301 quintum
1073 5228 1360 5301 Leonisct
1392 5229 1689 5299 Majoriani
1731 5229 1916 5300 signi-

260 5304 569 5368 ficantem,
605 5302 703 5373 qui
737 5299 1157 5373 labente‘anno
1183 5299 1343 5353 obiit.

340 5375 419 5445 (ἡ)
445 5370 788 5443 Anonymus
812 5388 961 5442 saepe
985 5370 1282 5445 laudatus,
1314 5370 1421 5424 sub
1444 5371 1777 5426 consulibus
1810 5371 1917 5445 bu-

256 5442 364 5515 jus
398 5442 537 5500 anni
575 5462 588 5500 :
620 5442 979 5517 Majorianus
1002 5443 1278 5513 depositus
1314 5446 1392 5517 est
1445 5459 1479 5495 a
1503 5445 1743 5517 patricio
1769 5442 1920 5498 1ἶὶσί⁴

258 5513 418 5572 imre
447 5513 783 5573 Derttmwvvx
816 5521 954 5572 Non.
990 5517 1149 5585 Aug.,
1180 5515 1460 5568 ctoccz’sus
1488 5523 1565 5568 est
1595 5513 1663 5568 ad
1692 5517 1922 5583 ﬂuvium

261 5591 477 5659 (lyram
507 5606 585 5644 v11
616 5589 741 5644 Idus
788 5588 1036 5657 Augusti.
1092 5585 1462 5641 Cassidiorus
1504 5587 1772 5659 euindcm
1808 5603 1913 5641 an-

261 5656 437 5723 num,
474 5660 846 5715 Marcellinus
878 5656 1150 5713 eumdem
1183 5664 1237 5711 ct
1270 5673 1488 5710 annum
1516 5656 1779 5712 etlocum
1815 5674 1912 5712 ne-

256 5733 351 5789 cis
377 5733 655 5804 designat
683 5751 696 5800 ;
731 5730 885 5804 diem
922 5734 1127 5784 neuter
1158 5728 1450 5800 exprimit.

338 5803 404 5874 (i)
449 5801 542 5861 Dc'
578 5804 786 5860 Severo
831 5802 985 5857 idem
1016 5803 1359 5876 Anonymus
1394 5815 1407 5854 :
1442 5801 1672 5857 Levaius
1699 5805 1777 5858 est
1806 5804 1916 5861 im-

2020 4300 2157 4353 dem
2195 4302 2358 4352 notat
2388 4313 2445 4349 n.
2480 4296 2533 4349 3.

2091 4370 2163 4439 (0)
2193 4368 2315 4423 Una
2337 4384 2478 4440 cum
2505 4365 2773 4440 Eudoxia
2806 4370 3064 4440 Augusta
3095 4370 3338 4427 remissa
3371 4374 3459 4425 est
3482 4369 3665 4424 Cons-

2019 4438 2433 4510 tantinopolim
2492 4438 2609 4493 filia
2653 4438 3001 4512 Placidafet
3053 4441 3289 4512 quidem
3324 4442 3431 4497 hoc
3488 4457 3665 4511 anno,

2022 4513 2174 4585 quod
2232 4526 2539 4585 perperam
2568 4511 3007 4585 negatljagius.
3041 4512 3185 4568 Vide
3216 4519 3411 4569 notam
3440 4512 3531 4568 91.

2095 4586 2172 4655 (p)
2204 4580 2310 4639 Alii
2336 4580 2757 4655 Honerico,alii
2782 4580 3176 4640 Trasimundo
3210 4585 3547 4651 Eudociam,
3583 4582 3666 4637 al-

2022 4652 2204 4710 teram
2231 4653 2499 4709 Eudoxize
2524 4652 2728 4718 ﬁliam,
2758 4655 3033 4724 nupsisse
3056 4657 3373 4711 afﬁrmant.
3403 4656 3533 4711 Not.
3566 4656 3657 4710 92.

2097 4726 2171 4797 (q)
2194 4726 2272 4781 De
2301 4724 2526 4797 [Egidio
2557 4729 2613 4798 et
2642 4725 2961 4798 Agrippino
2994 4744 3163 4798 agam
3199 4734 3335 4781 nuta
3364 4727 3455 4780 93,

2095 4794 2168 4865 (1%)
2196 4794 2500 4869 Explorate
2544 4795 2685 4869 has,
2717 4794 2885 4869 notas
2938 4794 3059 4852 hoc
3092 4798 3217 4853 loco
3277 4797 3498 4863 atﬁnxi,
3532 4794 3671 4850 licet

2024 4886 2121 4947 eas
2153 4867 2423 4947 emittant
2480 4867 2692 4938 reliqui
2741 4868 3179 4947 vulgatilibri;
3226 4875 3459 4947 namut
3490 4883 3673 4947 supra

2026 4940 2442 5004 demonstravi,
2479 4956 2671 4993 annus
2734 4940 2756 4991 1
2807 4942 3000 4994 Severi
3060 4940 3472 4995 inscribendus
3507 4940 3674 5005 fuit§

2025 5013 2349 5067 Suniericus
2405 5010 2579 5076 redit;
2639 5026 2772 5064 cum
2830 5010 3393 5082 ergo§Nepotianus
3448 5010 3671 5082 recedit,

2026 5084 2122 5153 qui
2158 5083 2341 5137 multo
2365 5087 2497 5153 post
2527 5082 2817 5153 sequitur,
2852 5081 3224 5152 adjectussit
3255 5100 3447 5137 annus
3478 5083 3511 5136 3
3552 5081 3674 5150 eju-

2025 5152 2187 5211 sdem
2218 5152 2429 5221 Severi,
2467 5152 2679 5208 nullibi
2712 5153 2923 5208 melius
2968 5171 3141 5222 quam
3176 5154 3288 5208 isto
3328 5156 3451 5210 loco
3481 5153 3678 5210 consi-

2025 5227 2188 5296 gnari
2226 5230 2412 5297 potest
2443 5241 2633 5297 annus
2660 5223 2816 5297 illius
2846 5226 2919 5280 2:
2946 5226 3270 5296 praesertim
3294 5243 3428 5280 cum
3455 5225 3675 5281 Marius

2024 5296 2424 5377 Aventicensis
2478 5296 2587 5377 hoc
2634 5296 2858 5377 @gidii
2901 5314 3034 5377 cum
3078 5298 3676 5377 Fredericopraalium

2026 5369 2137 5425 sub
2168 5368 2511 5424 consulibus
2544 5367 2761 5422 Basilio
2811 5372 2868 5421 et
2909 5368 3173 5435 Viviano,
3227 5373 3326 5439 qui
3383 5367 3491 5424 hoc
3524 5385 3677 5425 anno

2026 5440 2399 5495 consulatum
2447 5444 2780 5509 gesserunt,
2826 5439 3142 5509 contigisse
3200 5445 3467 5496 testetur.
3512 5441 3677 5506 Quod

2026 5512 2074 5567 si
2109 5512 2243 5581 quis
2277 5510 2622 5582 praecedenti
2654 5511 2681 5581 Ξ
2718 5509 3052 5581 Agrippinus
3108 5512 3212 5566 has
3273 5517 3443 5567 notas
3494 5512 3678 5568 ascri-

2030 5586 2253 5638 bendas
2285 5599 2411 5637 csse
2459 5583 2618 5646 velit,
2682 5597 2793 5633 non
2848 5584 3165 5637 admodum
3220 5586 3592 5647 contendam,
3629 5582 3680 5637 si

1973 5650 1988 5670 ¹
2031 5656 2203 5709 modo
2236 5655 2379 5708 mihi
2412 5653 2765 5724 assentiatur
2796 5653 2963 5708 alteri
2998 5671 3065 5708 ex
3099 5656 3190 5709 his
3224 5658 3457 5711 duobus
3491 5660 3547 5724 ἓξ
3579 5670 3680 5709 eas

2029 5726 2467 5797 consignandas
2490 5741 2639 5798 esse.
2674 5723 2739 5776 Et
2758 5737 2917 5798 sane
2947 5728 3139 5798 potuit
3171 5726 3445 5785 Narbona
3473 5725 3681 5782 Gothis

2028 5798 2101 5855 ab
2132 5793 2455 5872 Agrippino
2486 5795 2643 5853 tradi
2669 5793 2876 5853 eodem
2908 5793 3017 5854 hoc
3047 5816 3199 5855 anno
3232 5801 3355 5856 463.
