4156 6320
447 226 555 280 759
1284 220 1638 275 ADDENDA
1677 220 1775 274 AD
1810 218 2157 286 QUOSDAM
2194 224 2741 281 PRECEDENTBS
2774 222 3035 280 TOMOS.
3737 226 3825 281 760

457 354 654 425 fuisset
703 352 889 425 nutus,
921 347 1031 416 fuit
1078 344 1433 425 renuntiatus
1480 346 1804 425 imperator.
1838 346 2012 425 Quod,
2045 346 2118 403 de

463 417 880 481 acclamatione
900 426 957 473 et
978 417 1385 489 assumptione
1404 434 1676 489 purpura
1700 419 1905 473 saltem
1934 418 2116 473 inter-

466 495 678 569 pretari
716 507 1066 569 possumus,
1091 506 1293 569 verum
1327 492 1377 544 si
1409 490 1543 569 quis
1574 490 1644 545 de
1672 489 1926 569 solemni
1948 489 2116 545 inau-

467 561 775 640 guratione
794 562 1233 640 interpretanda
1250 577 1383 640 esse
1415 561 1551 640 velit
1568 562 1746 640 verba
1764 563 1818 640 ld
1830 562 1951 640 atii,
1966 578 2121 640 eam-

468 632 581 711 que
601 633 1086 711 cum_Marcel_l_ino
1104 632 1866 711 etQhrbnicoAIexandrino
1888 633 2118 711 indiem

468 704 522 767 iv
556 710 694 765 Idus
729 705 994 762 Januarii
1024 704 1162 759 anni
1193 705 1226 758 8
1259 704 1490 760 Arcadii
1526 710 1582 759 et
1613 704 1847 759 Honorii
1890 705 2119 771 referat,

468 784 660 837 dicam
696 779 945 834 Idatium
989 776 1107 830 hac
1140 776 1221 830 ita
1252 776 1633 831 distinxisse:
1668 794 1763 831 vn.
1798 776 2122 832 Theodosius

469 852 708 909 Arcadii
735 851 885 920 ﬁlius
917 851 1199 920 nascitur:
1228 864 1346 920 vin.
1373 848 1689 920 Theodosius
1716 851 1893 918 [actus
1913 852 1988 903 est
2012 849 2120 902 Au-

463 918 861 996 gustus._Solis
891 919 1051 993 facta
1090 919 1318 996 defectio
1367 936 1457 996 ιιι⁸
1481 918 1621 996 Idus
1653 920 2124 996 Novemb._Porro

467 989 624 1062 apud
676 989 982 1059 Severum,
1020 996 1146 1062 post
1196 989 1297 1045 illa
1344 991 1515 1045 verba
1566 991 1883 1046 Theodosius
1911 990 2123 1061 iunior,

469 1016 498 1051 Β
548 1016 624 1051 I10
677 1016 982 1059 Βενετυω,
1020 1016 1146 1062 μυυι
1201 1016 1297 1045 ιιιυ.
1348 1016 1515 1045 VUI'UH
1570 1016 2123 1061 uwuuuazu3‘1unwr,

469 1016 695 1139 aliquid
721 1066 891 1119 desse
920 1063 1411 1139 mani_lestum_est
1430 1078 1673 1139 ;_ne‘que_
1701 1062 1910 1139 melius
1934 1063 2124 1139 locum

469 1132 745 1210 suppleas
779 1152 955 1207 quam
991 1136 1036 1189 si
1072 1133 1232 1205 legas
1258 1151 1272 1188 :
1299 1132 1621 1210 Theodosius
1640 1135 2130 1210 junior_nascitur

469 1218 524 1268 et
547 1205 823 1280 Augustus
855 1210 1034 1276 [actus
1066 1214 1160 1261 est.
1194 1210 1384 1276 Atque
1414 1205 1471 1259 id
1506 1205 1681 1280 etiam
1704 1208 1970 1280 suadent
2000 1222 2127 1280 qua

473 1284 534 1338 in
568 1276 769 1337 eodem
804 1283 1009 1332 Severo
1039 1285 1399 1347 sequuntur;
1425 1293 1557 1331 nam
1585 1276 1743 1333 addit
1770 1278 1969 1333 statim
1999 1276 2131 1332 {Sol

471 1352 719 1425 eclipsim
746 1366 1119 1425 passus,qua
1151 1355 1303 1425 certe
1353 1347 1588 1418 eclipsis
1620 1366 1770 1425 anno
1866 1348 2128 1419 contigit.

472 1420 604 1480 Hac
636 1420 839 1478 omnia
868 1423 1011 1477 satis
1044 1420 1198 1475 clare
1238 1421 1647 1474 demonstrant
1679 1421 1932 1475 ldatium
1969 1426 2129 1474 nata-

472 1498 588 1553 lem
609 1493 922 1550 Theodosii
948 1509 1099 1548 anno
1115 1494 1151 1544 7
1174 1491 1402 1546 Arcadii
1423 1496 1479 1546 et
1503 1492 1736 1547 Honorii
1758 1491 2132 1561 adaexuisse,

474 1567 975 1635 librariorumque
1000 1563 1312 1620 oscitantia
1343 1562 1401 1617 in
1435 1579 1655 1618 annum
1689 1562 1953 1634 ipsorum
1976 1563 2011 1617 9
2033 1564 2134 1619 de-

473 1641 712 1698 lapsum
746 1653 894 1693 esse.

541 1658 924 1767 ἰξυιξῖωθῐῗνῗδ
946 1706 1170 1762 Idatius
1196 1705 1267 1760 ad
1297 1721 1515 1759 annum
1541 1703 1777 1759 Honorii
1808 1704 1899 1772 30,
1924 1703 2133 1760 Christi

484 1784 609 1845 424,
639 1783 710 1836 de
741 1781 947 1835 eodem
989 1777 1318 1832 Theodosio
1360 1776 1439 1831 ait
1470 1792 1483 1829 τ
1517 1778 1641 1832 Post
1671 1777 1879 1833 obitum
1908 1775 2137 1833 Honorii

480 1849 963 1927 putruimonarch
973 1852 1079 1903 iam
1101 1850 1275 1904 tenuit
1308 1849 1534 1927 imperii
1552 1865 1676 1927 rum
1697 1858 1835 1927 esset
1861 1865 2133 1927 annorum

484 1919 638 1982 'xxv1.
666 1926 800 1989 Qua
824 1922 971 1977 falsa
991 1936 1119 1976 esse
1144 1920 1539 1975 necessarium
1564 1925 1673 1989 est,
1698 1921 1745 1975 si
1771 1926 1945 1976 natus
1966 1919 2136 1975 fuerit

485 1997 853 2053 Theodosius
899 2009 1053 2048 anno
1103 1994 1227 2046 403.
1257 1991 1469 2046 Verum
1504 1993 1693 2063 sipro
1724 2008 1857 2047 xxv:
1909 1992 2140 2063 legatur

482 2086 640 2133 xxiv,
664 2065 994 2137 anteposita
1020 2068 1195 2137 notari
1221 2068 1371 2137 nota
1400 2080 1452 2133 ν,
1470 2062 1579 2137 cui
1605 2063 1757 2137 facili
1782 2062 1947 2135 lapsu
1972 2062 2138 2137 post-

487 2140 679 2214 posita
708 2133 821 2205 est;
845 2142 910 2192 ut
947 2153 1052 2208 ego
1080 2135 1371 2214 existimo,
1406 2151 1436 2189 a
1470 2133 1900 2214 librario,_tunc
1944 2133 2142 2189 omnia

488 2206 800 2275 cohaerent,
819 2206 1007 2278 neque
1032 2206 1350 2278 pugnantia
1368 2208 1586 2261 scribet
1608 2206 1862 2274 ldatius;
1888 2222 2143 2276 namque

486 2301 622 2340 xxxv
642 2298 827 2337 annos
852 2281 899 2335 si
920 2278 1285 2334 Theodosius
1309 2279 1679 2345 numerabat,
1697 2279 1837 2333 dum
1864 2296 2017 2333 anno
2040 2278 2145 2331 425

489 2355 776 2411 Chronico
791 2369 897 2407 suo
920 2367 1053 2406 eum
1074 2350 1285 2417 ingerit
1304 2350 1543 2415 ldatius,
1562 2354 1766 2404 natum
1784 2350 1964 2405 fuisse
1981 2365 2147 2419 opor-

492 2431 579 2482 tet
595 2443 747 2481 anno
767 2425 863 2478 401
884 2442 898 2489 ;
923 2428 981 2477 et
1002 2421 1051 2476 si
1077 2426 1248 2476 natus
1267 2426 1355 2475 est
1372 2437 1437 2475 eo
1458 2437 1630 2488 anno,
1648 2438 1780 2476 cum
1802 2421 1871 2476 ad
1892 2422 1996 2475 426
2014 2437 2116 2492 per
2132 2450 2145 2461 -

494 2504 738 2552 ventum
762 2504 871 2561 est,
888 2511 1023 2548 xxxv
1045 2509 1334 2548 annorum
1359 2499 1496 2546 tunc
1522 2501 1676 2547 certe
1697 2497 1841 2548 erat.
1858 2497 2039 2548 Natus
2062 2495 2152 2548 est

494 2570 860 2625 Theodosius
884 2584 937 2621 Iv
958 2565 1096 2620 Idus
1119 2563 1363 2634 Aprilis;
1390 2564 1469 2619 ita
1492 2564 1784 2631 Socrates,
1807 2563 1908 2620 lib.
1928 2581 2003 2631 v1,
2021 2580 2147 2634 cap.

495 2644 548 2703 6,
567 2647 621 2696 et
642 2638 1041 2703 Marcellinus,
1058 2637 1114 2690 in
1135 2635 1419 2693 Chronico
1443 2640 1577 2690 ante
1596 2636 1970 2691 Sirmondum
1997 2636 2151 2691 edito

500 2719 557 2767 et
589 2712 643 2765 in
684 2712 788 2765 Ms.
829 2708 1138 2779 Brugensi,
1160 2707 1312 2777 quod
1346 2707 1551 2761 habuit
1579 2707 1782 2762 Petrus
1806 2707 2152 2779 Franciscus

501 2786 659 2838 144
679 2778 1038 2843 Chit‘lletius;
1073 2784 1133 2833 at
1162 2779 1221 2833 in
1244 2778 1653 2849 Sirmondiano
1678 2796 1738 2834 ιιι
1762 2779 1887 2834 Idus
1916 2778 2152 2849 legitur.

500 2854 909 2918 Bollandus,ex
925 2850 1083 2904 Actis
1099 2848 1283 2921 sancti
1300 2849 1596 2921 Porphyrii
1611 2851 1864 2921 episcopi
1878 2848 2155 2905 Gazensis

504 2925 740 2981 deducit
763 2928 967 2977 natum
996 2921 1175 2976 fuisse
1197 2920 1291 2974 die
1316 2920 1405 2975 23.
1434 2921 1648 2975 Martii.
1670 2922 1779 2976 Sed
1806 2920 1932 2991 qua
1956 2923 2011 2975 in
2041 2921 2157 2976 illis

506 2996 667 3053 Actis
687 2999 1152 3050 narrantureum
1174 2992 1461 3064 diemrnon
1488 2993 1815 3047 necessario
1834 2994 2153 3064 postulant.

508 3075 580 3124 Et
610 3070 855 3122 fortasse
880 3070 1050 3119 natus
1074 3068 1163 3119 est
1184 3063 1446 3132 ejusdem
1482 3064 1705 3120 mensis
1738 3063 1930 3119 Martii
1953 3064 2043 3119 die
2064 3064 2154 3125 29,

508 3145 688 3222 atque
718 3138 785 3221 in.
810 3138 1047 3222 Socrate
1065 3140 1134 3222 Iet
1180 3133 1664 3222 Marcellinopro
1694 3152 1751 3193 IV
1778 3137 1897 3191 Kal.
1932 3134 2153 3191 librarii

502 3206 642 3267 vitio
673 3208 963 3281 scriptum
994 3212 1082 3262 est
1112 3223 1169 3263 ιν
1200 3206 1336 3262 Idus
1365 3206 1603 3278 Aprilis.

1052 3307 1192 3362 Nota
1218 3309 1410 3371 XVII,
1445 3324 1498 3375 ῃ.
1529 3306 1619 3361 59.

578 3389 723 3444 Cum
754 3386 990 3459 Cyrillo,
1025 3387 1095 3438 de
1128 3402 1245 3456 quo
1278 3384 1685 3459 Hieronymus,
1717 3386 1815 3459 lib.
1846 3386 1917 3440 de
1946 3384 2160 3459 Script.

508 3460 696 3515 eccles
729 3500 743 3519 .
767 3456 825 3514 n'.
851 3460 976 3519 122,
1000 3464 1280 3512 testatum
1316 3456 1571 3525 reliquit,
1597 3457 1738 3527 quod
1780 3473 1925 3527 sape
1975 3457 2167 3527 pulsus

512 3531 760 3587 Ecclesia
800 3528 1377 3599 (Hierosolymitano)
1399 3534 1457 3582 et
1478 3534 1726 3597 receptus
1756 3534 1827 3583 ad
1855 3534 2166 3585 extremum

512 3605 610 3657 sub
640 3601 927 3656 Theodosio
942 3598 1203 3670 principe
1223 3609 1337 3654 octo
1361 3603 1526 3655 annis
1548 3604 1933 3656 inconcussum
1961 3600 2167 3669 episco-

513 3680 708 3744 patum
728 3671 1187 3740 lenuit,Joannes
1205 3672 1486 3725 suffectus
1502 3672 1679 3726 fuerit
1695 3673 1926 3726 circiter
1942 3689 2165 3726 annum

516 3747 643 3811 387,
667 3744 887 3807 nullus,
916 3748 1303 3814 praterquam
1330 3744 1481 3811 quod
1509 3744 1661 3797 idem
1694 3744 2081 3815 Hieronymus
2108 3744 2165 3795 in

516 3834 623 3871 suo
656 3815 937 3871 Chronico
970 3822 1551 3875 commemoraverat,
1574 3815 1828 3870 Arianus
1860 3816 2168 3884 episcopus

516 3894 650 3943 ante
673 3889 959 3943 Joannem
990 3886 1299 3957 Ecclesiam
1328 3886 1908 3957 Hierosolymitanam
1928 3902 2169 3957 occupa;

513 3966 695 4015 verat.
741 3961 860 4013 [mo
893 3974 1023 4013 cum
1056 3958 1126 4010 de
1155 3956 1500 4011 orthodoxia
1541 3964 1597 4010 et
1636 3958 1944 4011 sanctitate
1974 3956 2171 4028 Cyrilli

519 4034 658 4086 satis
691 4032 927 4085 abunde
970 4034 1221 4093 constet,
1256 4033 1455 4097 utpote
1486 4028 1585 4097 qui
1632 4035 1968 4082 sanctorum
2004 4030 2171 4082 fastis

518 4104 813 4174 ascriptus
830 4113 910 4174 est
931 4100 1081 4174 (vide
1101 4098 1614 4154 ActaJesuitarum
1631 4099 2170 4174 Antuerpiensiam,

521 4177 588 4227 ad
626 4171 777 4227 diem
802 4174 871 4227 28
895 4172 1130 4239 Martii),
1151 4186 1450 4241 nunquam
1476 4188 1575 4239 per
1594 4188 1661 4226 ea
1684 4177 1950 4239 tempora
1977 4171 2169 4240 legiti-

523 4263 657 4299 mus
691 4246 800 4298 fuit
823 4243 1358 4312 Hierosolymorum
1384 4242 1696 4313 episcopus
1719 4244 2001 4308 Arianus;
2037 4258 2171 4295 nam

523 4316 775 4371 Maximo
793 4315 1082 4369 catholico
1105 4316 1392 4368 successit
1408 4315 1677 4384 Cyrillus,
1694 4315 1906 4386 Cyrillo
1926 4331 2057 4368 vero
2080 4315 2174 4368 de-

523 4389 724 4440 functo
752 4389 1010 4457 proxime
1035 4387 1322 4457 successit
1349 4386 1621 4441 Joannes.
1643 4388 2003 4457 Quapropter
2024 4401 2174 4455 quos

524 4475 676 4513 anno
719 4459 791 4539 tt
825 4456 1046 4539 duplici
1082 4472 1147 4508 ex
1179 4456 1544 4539 Constantini
1575 4458 1822 4512 Arianos
1862 4456 2178 4539 episcopos
2212 4459 2253 4521 l)

525 4534 801 4584 numerat
860 4529 1247 4597 Hieronymus
1305 4527 1558 4581 filiorum
1609 4545 1810 4592 causa,
1859 4528 2074 4583 intrusi
2121 4532 2179 4583 et

528 4599 1043 4672 pseudocepiscopi
1078 4598 1307 4672 dicendi
1349 4602 1581 4663 sunt,et
1608 4598 1760 4672 quia
1806 4599 2083 4672 haretici,
2117 4604 2175 4655 et

523 4668 659 4744 quia
702 4672 929 4725 vivente
980 4668 1243 4737 legitimo
1291 4673 1564 4740 episcopo
1593 4668 1824 4741 Gyrillo,
1854 4670 2171 4727 Ecclesiam

521 4745 682 4800 illam
716 4760 851 4798 occu
864 4744 1170 4814 paverunt.

1076 4844 1213 4896 Nota
1242 4838 1417 4904 XVIII,
1452 4854 1506 4909 p.
1540 4840 1629 4893 60.

597 4922 677 4977 De
731 4921 998 4990 ingressu
1044 4918 1432 4974 Barbarorum
1484 4918 1541 4973 in
1592 4918 1902 4989 Hispanias
1958 4919 2176 4975 ldatius

529 4994 838 5051 consulatu
874 4990 1113 5047 Honorii
1139 5007 1234 5044 νιιι
1271 4996 1325 5045 et
1363 4990 1678 5046 Theodosii
1709 5007 1769 5045 ιιι
1804 4991 1924 5045 hac
1952 4996 2174 5045 tantum

531 5069 590 5121 in
621 5066 805 5120 Fastis
840 5065 1111 5133 scripsit:
1138 5063 1231 5116 His
1258 5063 1575 5117 consulibus
1610 5062 1855 5119 Barbari
1884 5062 2179 5132 Hispanias

532 5139 801 5204 ingrcssi;
837 5152 938 5189 nec
986 5135 1168 5206 plura.
1205 5133 1419 5206 Catera
1450 5152 1575 5205 qua
1608 5134 1702 5189 hic
1733 5135 1910 5190 habet
1939 5136 2177 5189 Cimoni-

535 5226 641 5263 con
667 5226 730 5262 su
750 5213 937 5278 specta
959 5206 1100 5260 mihi
1126 5222 1253 5278 esse
1277 5205 1469 5261 lassus
1494 5223 1621 5260 sum
1640 5206 1710 5278 in
1736 5206 1977 5262 scholia.
2001 5208 2177 5277 Equi.

536 5280 669 5334 dem
690 5298 754 5333 ω.
770 5276 820 5332 m
845 5276 1542 5349 ingrcssusBarbarorum
1562 5278 1616 5349 in
1633 5277 1943 5349 Hispanias
1960 5276 2181 5349 inspec-

538 5355 699 5405 tante
733 5351 910 5404 Hotio
935 5349 1262 5411 contigerit,
1285 5350 1413 5421 quis
1442 5348 1637 5421 abillo
1660 5348 1877 5421 scripta
1909 5366 2035 5404 esse
2058 5348 2179 5405 ere-

539 5423 640 5475 dat
682 5420 781 5473 illa
817 5438 829 5474 :
864 5422 975 5475 Alii
1004 5438 1059 5475 ιν
1085 5421 1227 5478 Καί..
1261 5419 1370 5474 alii
1398 5436 1457 5474 III
1492 5420 1567 5475 Id.
1606 5419 1817 5476 Octobr.
1852 5426 2177 5488 memorant,

540 5493 789 5546 maxime
812 5512 876 5546 cu
892 5510 940 5546 m
966 5510 1078 5546 uno
1095 5492 1293 5563 eodem
1306 5508 1415 5563 quc
1434 5510 1502 5545 an
1517 5510 1585 5546 no
1604 5492 1728 5546 dies
1742 5493 1811 5547 28
1826 5494 2181 5563 Septembris

539 5569 594 5617 et
620 5565 682 5617 13
703 5567 931 5618 Uctohr.
956 5564 1011 5617 in
1033 5562 1259 5618 tertiam
1292 5564 1393 5618 fer.
1416 5563 1564 5619 145
1591 5563 1843 5617 incidere
1868 5562 2179 5633 nequeant,

541 5637 597 5689 in
624 5652 739 5705 qua
765 5638 1088 5703 ingressum
1112 5634 1274 5688 illum
1303 5635 1510 5688 statuit
1530 5635 1791 5690 Idalios?
1817 5637 2015 5705 Itaque
2038 5636 2183 5691 alter

540 5725 738 5761 eorum
792 5706 1016 5759 dierum
1068 5705 1414 5777 subdititius
1446 5710 1560 5770 est;
1596 5723 1701 5762 cur
1727 5724 1839 5761 non
1874 5713 1927 5762 et
1961 5706 2183 5777 reliqua

539 5780 739 5833 omnia
770 5796 801 5832 a
830 5779 1006 5831 verbo
1042 5776 1136 5831 illo
1168 5778 1435 5845 ingressi?
1464 5778 1572 5833 Sed
1608 5779 1706 5848 qui
1739 5778 2037 5841 vulgatam
2074 5776 2181 5834 lec-

521 5852 757 5907 tionem
792 5850 941 5906 tueri
982 5848 1139 5917 velit,
1173 5848 1328 5904 diem
1371 5849 1535 5905 illum
1569 5867 1631 5904 ιιι
1659 5850 1789 5908 ldus
1821 5850 2017 5907 Octob.
2053 5867 2179 5907 cor-

2146 351 2199 418 Α
2230 350 2381 423 rigat
2411 368 2476 406 ex
2511 350 2799 407 Chronico
2831 350 3034 423 Parvo,
3068 348 3339 423 legatque
3368 365 3426 403 ιν
3462 349 3659 423 ιᾱηννθι
3687 352 3826 409 illum

2230 420 2464 494 penitus
2504 422 2750 493 rejiciat,
2782 438 2851 477 ex
2880 422 3180 494 Excerptis
3211 420 3514 494 Hispania
3544 422 3828 494 illustrata,

2227 493 2325 550 ubi
2361 496 2589 567 primus
2622 499 2849 567 tantum
2888 494 3012 549 dies
3032 510 3090 547 1v
3112 493 3236 549 Kal.
3261 508 3569 567 expressus
3593 502 3690 567 est.
3709 496 3826 552 Nam

2227 564 2458 621 cum'ab
2495 567 2598 621 hoc
2631 582 2785 638 anno
2817 565 3116 634 ingressus
3162 564 3541 638 Barbarorum
3571 566 3624 620 in
3654 566 3830 638 Hispa-

2229 639 2386 692 niam
2422 637 2703 693 removeri
2737 641 3011 707 nequeat,
3031 637 3503 706 quandoquidem
3534 637 3688 691 illum
3718 637 3832 694 con-

2229 710 2428 764 firmat
2448 711 2505 765 Id
2519 708 2674 763 atius
2695 709 2752 763 in
2774 708 2987 776 Fastis,
3013 708 3258 770 Isidoro,
3287 710 3555 779 Prospero
3576 714 3626 764 et
3647 713 3836 766 Cassio-

2229 782 2371 837 doro
2393 780 2502 852 ipsi
2530 780 3013 852 assentientibus,
3040 780 3225 852 satius
3251 785 3341 833 est.
3363 786 3425 834 ut
3446 782 3591 834 diem
3615 781 3763 836 illum
3785 799 3837 837 In

2232 854 2341 912 Id..
2366 850 2460 923 qui
2487 852 2631 907 feria
2656 853 2685 905 4
2708 851 2940 923 (habuit
2961 852 3115 905 enim
3150 850 3248 905 hic
3280 867 3468 906 annus
3489 852 3696 917 cyclum
3720 853 3838 909 solis

2231 922 2402 990 XXVI,
2437 922 2551 978 litt.
2593 923 2755 978 Com.
2797 924 2878 993 Ο),
2905 926 3004 976 aut
3037 925 3417 995 muitemus‘in
3448 941 3501 978 ιν
3524 925 3617 989 Id.,
3641 925 3729 995 qui
3753 925 3842 978 luit

2235 995 2379 1068 feria
2406 996 2462 1059 3,
2488 995 2570 1050 uti
2604 996 2776 1068 etiam
2804 995 2927 1049 dies
2958 1010 3015 1049 ιν
3044 994 3167 1068 Kal.
3204 1000 3305 1048 aut
3333 993 3489 1050 hunc
3516 993 3838 1068 postremum

2236 1066 2615 1134 retineamus,
2649 1067 2750 1121 illo
2784 1083 3022 1137 prorsus
3055 1067 3302 1135 abjecto.

2807 1138 2946 1193 Nota
2981 1137 3105 1202 XIX,
3137 1139 3193 1190 9.
3226 1138 3316 1191 60.

2312 1211 2360 1263 1.
2390 1208 2533 1264 Cum
2558 1208 2928 1279 Sirmondus,
2951 1223 3019 1262 ex
3039 1209 3150 1262 fide
3171 1207 3399 1264 Codicis
3420 1224 3553 1277 ms.,
3573 1226 3771 1263 annum
3793 1210 3846 1264 16

2238 1281 2502 1346 Honorii,
2539 1282 2637 1351 qui
2672 1280 2775 1335 fuit
2808 1298 2935 1335 ara
2965 1280 3297 1335 communis
3330 1281 3454 1347 410,
3481 1290 3608 1351 post
3635 1282 3841 1336 relatam

2239 1353 2298 1407 in
2331 1352 2617 1409 Chronico
2648 1351 2821 1406 Urbis
2864 1352 3247 1423 irruptionem
3296 1357 3643 1421 mortemque
3671 1352 3848 1407 Alarici

2240 1426 2311 1479 ad
2341 1427 2369 1493 §
2396 1423 2870 1479 Debacrhanlibus
2902 1425 3386 1493 consignavisset,
3420 1423 3502 1477 Cl.
3530 1425 3740 1479 Florius
3766 1440 3847 1478 eas

2242 1502 2410 1551 notas
2440 1495 2566 1549 loco
2590 1496 2771 1549 mevit
2792 1502 2848 1550 et
2869 1496 2895 1561 §
2924 1494 3178 1549 Alaricus
3200 1511 3299 1549 rex
3329 1494 3617 1549 Gothorum
3643 1495 3848 1564 adjecit,

2244 1573 2311 1623 ut
2342 1566 2585 1638 irruptio
2612 1566 2805 1630 Urbis,
2830 1566 3139 1637 obitusqae
3168 1566 3400 1632 Alarici,
3431 1569 3538 1621 sub
3564 1584 3624 1622 eo
3645 1566 3847 1638 Honorii

2244 1656 2398 1694 anno
2431 1637 2740 1710 legeretur.
2776 1638 2895 1710 Ego
2945 1644 3163 1705 autem,
3189 1639 3677 1710 quemadmodum
3708 1637 3852 1691 facile

2169 1725 2212 1790 υ
2245 1708 2532 1790 assentio}
2584 1708 2862 1790 ldatium‘,
2896 1708 3405 1790 mortemuAlarici
3440 1727 3587 1790 anno
3625 1709 3851 1790 409nnon

2249 1782 2544 1853 alligasse,
2581 1785 2866 1853 notasque
2906 1780 3036 1835 illas
3066 1782 3094 1848 §
3124 1781 3378 1853 Alaricu:
3410 1785 3642 1836 moritur
3676 1781 3856 1850 adjun-

2245 1852 2420 1915 xisse,
2446 1870 2536 1907 cm
2560 1852 2716 1906 idem
2740 1852 2974 1907 initium
3003 1858 3091 1907 est
3119 1870 3183 1907 ac
3208 1852 3289 1907 illi
3314 1853 3479 1906 alteri
3503 1853 3737 1908 Alaricus
3756 1867 3857 1918 rex,

2246 1925 2327 1979 ita
2360 1924 2535 1979 etiam
2566 1924 2835 1979 existimo
2873 1940 2939 1978 ea
2979 1940 3107 1994 qua
3149 1925 3220 1978 de
3261 1923 3521 1979 Placidia
3562 1923 3857 1994 captivitate

2251 2004 2423 2067 atque
2444 1995 2952 2052 Urbisvastatione
2972 1996 3232 2066 scripsit,
3250 1998 3361 2050 sub
3383 2013 3537 2051 anno
3559 1994 3767 2050 Honorii
3790 1995 3857 2057 l5,

2250 2085 2374 2123 ara
2398 2069 2654 2139 vulgaris
2676 2068 2781 2121 409
2802 2068 3133 2122 adnotasse.
3158 2067 3300 2122 Nam
3336 2067 3472 2122 licet
3496 2069 3739 2122 omnium
3761 2067 3855 2139 fer-

2252 2157 2345 2195 me
2364 2136 2709 2209 scriptorum
2732 2139 3068 2194 testimonio
3086 2145 3311 2193 constet
3329 2142 3568 2194 Romam
3590 2140 3655 2193 ah
3667 2136 3862 2191 Alarico

2253 2216 2480 2282 captam
2511 2210 2694 2265 fuisse
2716 2215 2891 2281 atque
2913 2210 3201 2280 direptam
3225 2228 3378 2282 anno
3405 2211 3631 2266 Honorii
3656 2211 3861 2275 l6,cum

2254 2281 2450 2338 tamen
2481 2287 2877 2336 contestatam
2903 2281 3118 2351 pariter
3139 2282 3236 2348 sit,
3265 2281 3553 2338 Alaricum
3580 2299 3682 2336 non
3713 2294 3863 2335 unam

2256 2360 2483 2410 tantum
2508 2353 2565 2407 in
2590 2352 2801 2408 Urbem
2828 2353 3034 2407 fecisse
3063 2352 3453 2419 invasionem,
3474 2372 3540 2408 ea
3561 2352 3745 2409 omnia
3762 2365 3868 2421 qua

2258 2444 2292 2481 a
2323 2425 2351 2497 §
2385 2425 2553 2479 Alani
2598 2431 2651 2479 et
2708 2425 2952 2497 Vandali
2999 2441 3189 2497 usque
3240 2427 3310 2479 ad
3351 2426 3610 2490 §saltem
3657 2425 3871 2497 Alarieus

2257 2494 2496 2552 moritur
2517 2500 2713 2550 narrat
2737 2495 2977 2562 ldatius,
2999 2494 3149 2551 anno
3175 2496 3412 2551 Honorii
3443 2500 3527 2565 15,
3550 2496 3746 2551 Christi
3795 2494 3871 2552 09,

2262 2586 2376 2625 non
2402 2568 2598 2639 inepte
2620 2566 2844 2637 illigare
2874 2568 3083 2638 potuit,
3112 2569 3251 2639 quia
3277 2586 3415 2639 pars
3436 2586 3628 2625 eorum
3654 2566 3873 2639 maxima

2262 2641 2371 2696 hoc
2394 2638 2546 2711 anno
2574 2644 2738 2711 gesta
2765 2645 2922 2693 sunt.
2949 2638 3221 2694 Plurima
3245 2638 3399 2694 intra
3431 2646 3487 2695 et
3517 2647 3667 2695 extra
3688 2638 3871 2694 Urbem

2262 2712 2469 2777 cades,
2503 2710 2653 2765 cives
2706 2711 3081 2766 vehementer
3107 2713 3325 2777 vexati;
3362 2712 3620 2767 Alaricus
3664 2711 3873 2765 Romam

2264 2789 2591 2856 ingressus,
2616 2782 2770 2856 146
2798 2781 3107 2856 Placidiim
3132 2782 3291 2838 velut
3312 2784 3575 2838 obsidem
3600 2783 3742 2837 inita
3761 2794 3872 2856 cum

2265 2850 2468 2910 senatu
2507 2850 2687 2925 pacis,
2712 2859 2767 2925 et
2798 2858 2862 2907 ut
2893 2853 2964 2907 ab
3010 2853 3262 2908 Honorio
3294 2857 3746 2914 conﬁrmaretur,
3765 2850 3877 2925 inde

2265 2923 2526 2983 adduxit.
2563 2925 2691 2996 Hac
2721 2924 2900 2996 igitur
2932 2941 3177 2981 narrans
3212 2926 3317 2980 hoc
3347 2944 3505 2982 anno
3542 2928 3636 2981 409
3665 2923 3874 2996 Idatius,

2267 2998 2492 3053 cladem
2541 2993 2906 3067 Urbisfquia
2937 3012 3067 3051 cum
3102 2998 3175 3052 iis
3206 3014 3466 3053 connexa
3515 3002 3652 3060 erat,
3676 2993 3869 3063 adjecit.

2270 3069 2343 3125 Ut
2387 3073 2450 3123 ut
2498 3067 2594 3133 sit,
2637 3066 2958 3137 quia’Ven.
3003 3068 3176 3137 Beda,
3220 3069 3319 3123 lib.
3355 3086 3373 3123 ι
3408 3071 3620 3125 Hister.
3649 3068 3874 3138 Anglor._.

2271 3158 2392 3210 cap.
2428 3141 2483 3200 2.
2516 3144 2572 3192 et
2615 3134 2706 3192 lvo
2738 3138 3136 3209 Carnotensis,
3164 3134 3249 3195 'in
3295 3140 3714 3201 Chronicoms.,
3737 3134 3873 3207 "apud

2270 3210 3005 3284 Seheelestratiom,»tom.
3056 3212 3111 3284 ι,
3150 3212 3391 3267 dissert.
3426 3214 3479 3279 2,
3516 3230 3571 3284 p.
3600 3212 3718 3275 229,
3749 3221 3875 3284 anno

2271 3284 2396 3349 409,
2427 3281 2717 3337 excidium
2749 3280 2923 3337 Urbis
2952 3283 3218 3338 evenisse
3248 3280 3684 3353 tradunt,‘quod
3717 3280 3877 3334 novis-

2272 3355 2421 3409 sime
2450 3353 2663 3427 Psgius
2702 3353 2908 3427 multis
2957 3369 3217 3409 asserere
3266 3372 3584 3427 aggressus
3613 3359 3714 3417 est,
3742 3358 3876 3427 trait:

2274 3417 2576 3481 ferendum
2611 3426 2668 3479 in
2702 3424 2884 3480 ldatio
2925 3441 3035 3479 non
3085 3428 3283 3497 putavi
3302 3417 3568 3483 vHonorii
3601 3439 3798 3481 annum
3828 3417 3878 3472 16

2274 3498 2343 3554 ad
2377 3498 2683 3565 §Aluricus
2724 3512 2846 3564 rex,
2882 3513 2952 3550 ne
2999 3496 3155 3551 hunc
3204 3500 3509 3554 sententia
3557 3515 3671 3553 sua
3716 3502 3877 3566 patro-

2278 3586 2416 3624 num
2451 3568 2673 3639 eripere
2704 3567 2815 3639 ipsi
2848 3567 2992 3622 velle
3023 3568 3243 3624 videar.

2345 3642 2397 3694 2.
2433 3634 3075 3694 Caterum'vnstitatem
3110 3644 3302 3695 Roma
3336 3641 3560 3696 illatum
3596 3656 3702 3695 non
3732 3634 3881 3690 fuisse

2276 3717 2408 3766 ante
2440 3727 2657 3765 annum
2704 3711 2807 3764 MO
2837 3728 2938 3779 ego
2970 3728 3204 3781 quoque
3244 3714 3584 3768 firmissime
3613 3707 3879 3766 assentior.

2277 3783 2544 3853 Namque
2593 3781 2847 3852 idipsum
2882 3783 3075 3836 cuncti
3130 3783 3395 3840 historici
3428 3787 3684 3845 tradunt,
3715 3782 3884 3851 prater

2278 3852 2491 3909 Bedam
2515 3859 2571 3926 et
2588 3853 2822 3926 lvonem
2841 3852 3209 3918 laudatos,de
3226 3872 3482 3926 quorum
3504 3864 3686 3911 tamen
3702 3862 3883 3926 suppl]:

2279 3927 2495 3999 latione
2529 3925 2796 3978 dubitare
2828 3942 3168 3999 possumus,
3194 3919 3264 3980 an
3290 3945 3469 3999 quam
3503 3927 3597 3983 alii
3622 3919 3887 3980 observant

2280 3996 2389 4067 ipsi
2424 4001 2767 4065 sequantur.
2791 3997 3013 4051 Deinde
3044 3999 3098 4050 id
3133 3996 3323 4065 ipsum
3356 4017 3550 4054 rerum
3575 4014 3691 4067 qua
3720 4012 3749 4049 a
3774 4003 3886 4045 nece

2280 4067 2578 4123 Stiliconis
2622 4067 2691 4121 ad
2736 4072 3091 4138 postremam
3127 4068 3287 4123 illam
3324 4073 3498 4127 Urbis
3545 4067 3883 4138 irruptionem

2282 4145 2457 4209 gesta
2499 4142 2639 4193 sunt
2688 4136 3089 4209 magnitudine.
3138 4142 3600 4197 demonstratur.
3624 4136 3883 4209 Siquide

2282 4205 2546 4266 Alaricus
2571 4226 2681 4264 non
2709 4205 2905 4264 statim
2931 4228 2996 4265 ac
3019 4211 3218 4267 Stilico
3247 4214 3594 4269 interfectus
3613 4205 3716 4267 est:
3736 4211 3785 4262 in
3810 4205 3890 4259 Ur-

2285 4282 2758 4356 liem_movit_,_sed
2782 4282 2959 4356 movit
2981 4299 3093 4336 non
3117 4283 3290 4353 paulo
3309 4292 3607 4356 post,cum
3628 4284 3781 4356 etiam
3804 4276 3889 4356 Etl-

2283 4353 2515 4408 cherius
2550 4353 2847 4407 Stiliconis
2879 4353 3036 4408 filius
3066 4352 3359 4410 eritinctus
3393 4358 3587 4412 fuerit.
3612 4352 3891 4410 Accedenle

2284 4425 2495 4479 deinde
2526 4426 2594 4478 ad
2633 4424 2844 4499 Urbem
2894 4425 3144 4491 Alarico,
3178 4443 3423 4499 eamque
3463 4428 3755 4482 obsidione
3787 4418 3890 4495 rin-_

2287 4502 2475 4563 gente,
2503 4497 2736 4565 gemina
2796 4495 3003 4565 legatio
3034 4514 3063 4551 a
3098 4505 3303 4554 senatu
3332 4495 3422 4555 ’ad
3470 4499 3890 4565 Honoriumqtﬂ

2294 4561 2579 4623 Ravenna
2612 4572 2749 4621 tunc
2793 4561 2937 4629 erat.
2972 4585 3072 4637 pro
3106 4587 3243 4629 pace
3276 4588 3409 4626 eum
3446 4571 3629 4627 Gotbo
3675 4561 3894 4637 ferienda

2290 4638 2470 4713 missa
2488 4644 2595 4694 est.
2617 4638 2753 4694 Post
2772 4638 2889 4713 hac
2904 4634 3029 4713 ipse
3046 4640 3221 4696 etiam
3242 4643 3511 4699 Alaricns
3528 4659 3655 4699 cum
3678 4634 3891 4713 exercitu

2292 4711 2623 4786 Ravennam
2675 4710 2944 4786 accessit;
2984 4711 3199 4786 Longa
3245 4715 3323 4768 ibi
3386 4732 3490 4786 per
3544 4710 3894 4786 internuntios

2291 4782 2361 4837 de
2396 4782 2555 4854 pacis
2595 4782 3041 4856 conditionist
3090 4779 3243 4839 inter
3272 4779 3465 4856 ipsum
3513 4793 3571 4841 et
3614 4779 3892 4856 Honorium

2291 4852 2561 4909 tractatio
2595 4852 2796 4908 habita
2825 4858 2932 4908 est.
2976 4854 3255 4911 Praterea
3284 4852 3516 4912 Attalus
3547 4855 3719 4913 semel
3750 4858 3894 4917 atqu?

2289 4925 2500 4980 iterum
2528 4942 2788 4997 purpura
2808 4924 3055 4981 indutus
3079 4933 3481 4997 atqneexutus
3503 4915 3893 4997 fuit,quidqtti(l

2293 4990 2595 5073 Pagiusad
2626 4990 2722 5073 an.
2750 4998 2874 5073 410,
2910 5014 2965 5051 n;
2998 4990 3305 5073 t_0,contra
3330 4990 3642 5073 perspicua
3662 4990 3830 5054 Oros“
3850 4990 3897 5073 Ρι

2291 5061 2684 5143 Olfmpiodori
2716 5069 2894 5123 verba
2925 5061 3217 5135 reclamet,
3263 5061 3632 5143 tyrannidem
3672 5061 3892 5143 secundo

2293 5138 2574 5195 ab'Attalo
2593 5146 2960 5211 assumptum
2983 5158 3135 5196 anno
3155 5144 3254 5197 414
3278 5138 3657 5199 contendens.
3672 5138 3895 5211 Denique

2292 5212 2363 5284 ab
2386 5214 2586 5267 eodem
2612 5207 2961 5267 Attalo-tunc
2983 5219 3260 5283 temporis
3284 5218 3577 5284 expeditio
3603 5216 3657 5269 in
3682 5207 3894 5284 Africam

2293 5283 2561 5338 instituta
2586 5283 2712 5348 fuit,
2737 5278 3242 5356 obgeamquejquia
3267 5278 3419 5341 male
3440 5281 3784 5355 cessit,quod
3806 5278 3893 5356 Βρ-

2293 5372 2463 5430 mane
2485 5349 3187 5430 tantum‘militeaxclus’is
3205 5349 3704 5430 Gothis,suscepta
3722 5349 3895 5408 fuerat.

2290 5426 2762 5501 AlsricusAttalo
2787 5426 3091 5501 imperium
3110 5430 3423 5501 abrogavit.
3447 5435 3574 5486 Hac
3594 5426 3773 5501 autem
3798 5433 3897 5501 0m"

2293 5498 2388 5571 nia
2421 5497 2741 5568 longiorem
2766 5491 2945 5571 quam
2980 5499 3156 5571 unius
3188 5491 3325 5555 anuni
3357 5518 3581 5557 moram
3605 5491 3894 5571 requirun};

2292 5570 2480 5632 Quare
2511 5557 2643 5643 clum
2692 5557 2892 5625 Stilico
2933 5570 3159 5643 occisus
3191 5572 3268 5627 sit
3296 5574 3366 5627 23
3398 5575 3493 5629 die
3525 5557 3749 5643 Augusti
3768 5570 3821 5643 et
3842 5557 3896 5613 24

2292 5642 2539 5711 Augusti
2565 5642 2733 5696 etiam
2764 5643 2983 5697 nensis
3007 5641 3154 5696 Urbs
3176 5660 3203 5697 a
3230 5643 3435 5699 Gothis
3452 5637 3894 5706 vastata,Stilico-

2294 5712 2385 5767 nis
2423 5714 2637 5786 eadem
2671 5730 2880 5786 mense
2922 5715 3184 5786 Augusto
3216 5716 3350 5770 anni
3378 5718 3503 5783 408,
3533 5717 3675 5772 147
3704 5713 3891 5781 Ροείτθῗ

2294 5799 2448 5860 ruam
2474 5783 3049 5860 Urbisirruptioncm
3069 5789 3271 5860 eodem
3294 5804 3496 5843 mense
3517 5790 3762 5860 Augusto
3782 5787 3891 5833 an!"

2293 5856 2399 5910 410
2428 5858 2624 5912 cuncti
2656 5857 2913 5914 historici
2946 5858 3458 5931 consignavcrunt.
