4156 6320
542 265 645 321 791

672 394 795 443 Haec
824 390 1031 454 relegas
1061 402 1350 453 servesque
1380 390 1471 439 diu
1504 390 1791 453 tradasque
1823 389 2018 437 minori

671 455 933 513 Arcadio;
970 454 1085 502 haec
1115 454 1197 502 ille
1225 467 1321 502 suo
1352 455 1536 516 generi
1570 456 1682 502 haec
1715 460 1802 501 tua
1834 466 2045 514 semper

676 516 933 579 Accipiat,
958 517 1254 576 doceatque
1283 530 1409 564 suos
1439 516 1684 580 Augusta
1711 529 1967 579 propago.

622 608 821 677 Neque
851 606 1137 677 insertum
1159 604 1407 677 carmini
1439 605 1665 658 Arcadii
1690 620 1899 658 nomen
1928 602 2076 677 cogit
2096 618 2202 657 nos

552 676 953 733 ut'l‘heodosio
976 676 1179 746 Magno
1196 676 1508 746 inscriptos
1526 677 1629 730 hos
1642 692 1845 730 versus
1867 676 2199 746 credamus;

555 765 809 817 namque
826 748 919 802 hic
940 744 1120 801 minor
1145 744 1420 803 Arcadius
1443 747 1753 803 Theodosii
1779 748 2021 800 minoris
2046 744 2202 799 ﬁlius

553 828 661 889 est,
687 837 799 873 non
822 820 916 889 qui
940 822 1062 889 jam
1088 819 1202 888 ipsi
1227 824 1399 873 natus
1424 825 1597 883 esset,
1625 826 1721 873 aut
1741 834 1914 890 quem
1943 832 2201 886 unquam

557 896 715 947 nasci
742 890 1181 961 contigerit,sed
1200 905 1372 961 quem
1397 890 1726 946 Theodosio
1750 890 2059 943 blandiens
2076 904 2208 942 nas-

556 966 811 1020 citurum
834 964 1130 1015 ominatur
1154 969 1341 1032 poeta,
1361 963 1515 1016 sicut
1546 974 1599 1017 et
1629 962 1737 1032 ipsi
1770 961 2010 1016 Arcadio
2034 962 2203 1015 sobo-

559 1039 671 1092 lem
709 1035 973 1101 ﬁliosque
1004 1033 1374 1097 vaticinatur,
1407 1049 1539 1087 cum
1585 1034 1745 1087 addit
1779 1051 1791 1087 :
1826 1034 1951 1088 Hac
1982 1033 2082 1085 ille
2111 1046 2205 1085 suo

555 1109 765 1180 generi.
798 1110 870 1180 At
899 1107 1168 1180 minorem
1211 1104 1511 1180 Arcadium
1544 1110 1751 1180 vocat,
1780 1107 2012 1180 quia_ex
2048 1117 2206 1180 more

557 1175 717 1233 illius
741 1177 841 1230 aevi
867 1175 1126 1230 mascula
1150 1176 1338 1245 prima
1363 1176 1671 1230 Theodosii
1703 1178 1975 1247 prolesde
1990 1176 2076 1227 avi
2104 1191 2205 1228 no-

558 1251 712 1305 mine
736 1247 1082 1319 appellanda
1105 1253 1246 1309 erat,
1272 1250 1423 1317 quod
1461 1248 1570 1301 fuit
1589 1248 1890 1319 Arcadius.
1920 1252 1963 1319 Δγ
1986 1250 2207 1319 quo.ut

557 1322 690 1375 disti
703 1326 1160 1389 ngueretursecu
1171 1320 1243 1372 nd
1256 1336 1321 1373 us
1339 1318 1927 1380 hicArcadius,minor
1939 1318 2209 1372 dicendus

557 1400 703 1457 erat,
730 1398 793 1445 ut
826 1393 948 1461 ipse
976 1390 1545 1461 Theodosiusjunior
1575 1391 1766 1445 dictus
1790 1395 1897 1457 est,
1925 1396 1988 1443 ut
2008 1390 2082 1443 ab
2104 1404 2209 1442 avo

558 1463 890 1519 Theodosio
942 1466 1144 1532 Magno
1194 1461 1675 1532 distingueretur.
1709 1462 1789 1515 Ne
1822 1467 2015 1515 autem
2045 1461 2101 1513 id
2138 1461 2209 1513 de

558 1538 744 1591 Arcad
757 1533 1150 1602 ioTheodosiij
1163 1533 1381 1587 unioris
1398 1540 1560 1603 patre
1574 1534 1795 1588 dictum
1812 1533 2209 1587 existimemus

564 1607 711 1661 ratio
735 1612 1067 1672 temporum
1094 1606 1320 1669 suadet,
1348 1604 1645 1674 multoque
1668 1606 1863 1659 minus
1886 1604 1955 1657 de
1970 1604 2208 1657 Arcadia

557 1679 828 1749 ejusdem
861 1675 1171 1731 Theodosii
1204 1692 1403 1749 sorore
1434 1676 1802 1749 interpretari
1851 1690 2207 1749 possumus;

560 1745 718 1830 nam,
756 1748 1346 1830 praeterquam-quod
1395 1749 1453 1830 in
1508 1745 1634 1830 ipso
1684 1746 1940 1830 carmine
1979 1745 2211 1801 Arcadio
2243 1766 2287 1830 Β

558 1818 791 1891 legitur,
827 1838 941 1874 non
972 1819 1243 1885 Arcadiae,
1273 1836 1377 1873 cur
1424 1821 1728 1873 Arcadiam
1781 1818 1974 1891 potius
2021 1834 2199 1889 quam

558 1888 923 1948 Pu'lcheriam
959 1896 1061 1945 aut
1089 1892 1329 1943 Mariam
1360 1891 1678 1961 appellaret
1711 1888 1879 1960 poeta
1902 1888 1929 1942 ?

631 1965 684 2017 3.
708 1964 1042 2017 Secundum
1068 1967 1503 2033 argumentum,
1536 1963 1688 2033 quod
1718 1962 1922 2014 habuit
1949 1960 2203 2033 Sirmon-

559 2036 694 2099 dus,
712 2040 771 2087 ut
794 2034 1013 2088 Asterio
1039 2031 1174 2087 huic
1198 2032 1538 2102 Protogenis
1555 2031 1610 2086 in
1628 2034 1936 2087 consulatu
1970 2031 2202 2100 collega:

557 2105 1069 2160 concinnationem
1102 2103 1398 2158 Seduliant
1452 2104 1642 2175 cperis
1691 2102 2071 2174 adjudicaret,
2106 2104 2207 2155 de-

554 2176 807 2244 sumpsit
828 2192 895 2229 ex
913 2176 1334 2246 epigrammate
1357 2174 1535 2245 supra
1552 2176 1803 2230 adducto
1828 2174 2015 2241 ipsius
2040 2179 2202 2227 Aste-

556 2250 623 2303 rii
641 2250 709 2301 ad
727 2248 995 2302 abbatem
1014 2248 1181 2300 illum
1205 2247 1608 2301 Macedoniam
1632 2247 1722 2301 cui
1750 2247 2027 2299 idemmet
2052 2246 2199 2300 207

550 2319 821 2374 Sedulius
870 2335 1019 2389 opus
1083 2335 1257 2372 suum
1322 2318 1551 2372 mittere
1606 2320 2055 2389 decreverat,uet
2111 2315 2204 2370 cui

553 2391 837 2461 inscripta
858 2387 943 2444 est
961 2389 1228 2461 epistola,
1254 2405 1382 2459 qua;
1412 2389 1735 2461 Rhemensi
1761 2390 1817 2442 in
1843 2387 2047 2461 Codice
2078 2404 2204 2442 car-

556 2480 687 2517 men
725 2459 1023 2533 praecedit.
1049 2459 1203 2533 Nam
1227 2477 1357 2515 cum
1388 2460 1680 2533 Sedulius,
1708 2459 2007 2533 Gennadio
2026 2467 2204 2533 teste,

558 2540 693 2587 ante
725 2531 941 2587 annum
984 2534 1088 2586 450
1116 2532 1356 2597 obierit;
1390 2548 1457 2586 eo
1480 2532 1633 2586 enim
1669 2548 1819 2585 anno
1851 2531 1994 2585 obiit
2022 2531 2205 2585 Theo-

558 2607 590 2658 d
604 2605 901 2669 osius,Sed
914 2603 1181 2674 uliusque
1200 2610 1479 2673 regnante
1500 2604 1825 2658 Theodosio
1843 2603 1956 2658 l'ato
1974 2603 2208 2656 functus

563 2677 860 2744 est,juxta
882 2675 1251 2730 Gennadium
1284 2678 1373 2745 (ut
1402 2674 1667 2730 omittam
1693 2676 1846 2743 quod
1872 2676 1920 2729 si
1952 2689 2088 2727 vera
2116 2690 2208 2728 es-

561 2754 652 2802 set
682 2746 996 2801 cardinalis
1026 2745 1233 2801 Norisii
1267 2746 1621 2815 conjectura,
1646 2747 1745 2815 qui
1768 2746 1825 2799 in
1850 2745 2086 2799 laudato
2110 2762 2208 2799 su-

562 2836 667 2888 pra
681 2819 945 2873 carmine
962 2834 1060 2888 pro
1076 2815 1437 2888 Arcadiolegi
1450 2817 1667 2872 velletA
1679 2818 1884 2873 rcadize
1904 2833 2031 2887 qum
2058 2833 2208 2870 mor-

558 2887 660 2944 tua
682 2894 783 2943 est,
815 2896 875 2942 ut
894 2887 1070 2943 tradit
1097 2887 1465 2942 Marcellinus
1489 2889 1545 2941 in
1570 2888 1875 2950 Chronico,
1900 2904 2051 2942 anno
2081 2888 2206 2954 444,

559 2968 692 3015 ante
725 2960 881 3013 hunc
914 2975 1137 3013 annum
1171 2975 1318 3029 opus
1345 2975 1519 3013 suum
1550 2959 1918 3027 absolvisset)
1948 2976 1960 3022 ;
1997 2960 2208 3029 oppido

557 3032 898 3112 incredibile
920 3034 1028 3112 est,
1051 3032 1455 3112 Mac‘edoaium
1478 3031 1801 3112 intepviros
1824 3029 2205 3112 egissequin-

557 3104 897 3175 quagesimo
930 3103 1111 3157 ferme
1131 3102 1203 3175 ab
1236 3101 1398 3156 obitu
1425 3101 1641 3175 Sedulii
1675 3118 1848 3175 anno.
1885 3101 2061 3172 Atqui
2095 3101 2203 3156 hoc

557 3172 705 3246 opus
727 3179 942 3241 erat,ut
960 3175 1071 3243 ipsi
1094 3173 1459 3246 epigramma
1480 3172 1620 3246 illud
1643 3174 1905 3246 misisset
1930 3179 2200 3246 Asturus,

560 3244 610 3301 is
640 3247 740 3318 qui
772 3245 1144 3318 consulatum
1178 3244 1360 3318 gessit
1388 3261 1519 3318 cum
1550 3244 1822 3299 Praesidio
1873 3262 2025 3318 anno
2079 3245 2206 3318 494,

556 3315 851 3388 quemque
884 3316 1256 3388 Pearsonius,
1292 3315 1582 3380 Usserius,
1609 3317 1876 3371 Norisius
1907 3323 1963 3371 et
1993 3317 2207 3386 Pagius

558 3387 857 3444 afﬁrmant
886 3387 1105 3443 Sedulii
1147 3404 1294 3457 opus
1343 3388 1645 3457 collegisse
1675 3394 1731 3442 et
1760 3388 2085 3449 evulgasse.
2121 3388 2205 3441 Ad

558 3461 704 3525 hinc,
728 3462 993 3516 carmina
1023 3464 1107 3513 tot
1136 3475 1323 3513 annos
1345 3459 1498 3513 inter
1526 3458 1823 3514 chartulas
1844 3461 2206 3529 schedasque

560 3532 820 3597 neglecta
845 3536 1016 3601 atque
1034 3532 1309 3601 dispersa
1328 3531 1755 3599 faciliusquam
1784 3531 2061 3601 Sibyllina
2084 3548 2208 3584 ora-

559 3605 693 3658 cula
717 3603 869 3657 foliis
896 3600 1171 3667 inscripta
1196 3600 1775 3671 periissent.Demum
1798 3600 1965 3656 nemo
1992 3602 2203 3655 hucus-

561 3692 675 3746 que
696 3674 883 3728 evicit.
910 3690 975 3726 ea
990 3671 1185 3726 omnia
1201 3674 1436 3727 nomina
1453 3690 1576 3742 quae
1596 3675 1652 3727 in
1672 3673 2018 3728 Rhemensis
2040 3674 2202 3727 Codi-

564 3748 647 3800 cis
680 3746 1055 3799 adnotatione
1087 3761 1361 3813 expressa
1404 3750 1562 3810 sunt,
1596 3748 1825 3799 Asterio
1858 3751 2055 3800 nostro
2088 3762 2203 3799 non

565 3832 907 3887 congruere.
932 3816 970 3869 E
996 3815 1285 3887 contrario
1318 3815 1508 3870 aliena
1530 3816 1601 3869 ab
1624 3833 1690 3871 co
1714 3834 1827 3871 non
1850 3833 1978 3871 esse
1999 3817 2199 3870 existi-

555 3891 736 3943 mavit
768 3887 1136 3949 Sirmondus,
1169 3886 1267 3956 qui
1303 3887 1372 3939 de
1405 3887 1741 3942 nominibus
1784 3889 1986 3942 mediae
2016 3888 2203 3941 aetatis

552 3961 780 4016 erudite
795 3958 1341 4028 scripsit,cujusque
1363 3958 1432 4013 de
1457 3958 1562 4013 hac
1589 3960 1956 4028 rejudicium
1983 3966 2202 4014 nonest

547 4049 652 4087 cur
681 4032 929 4085 aliorum
972 4029 1369 4098 opinamentis
1403 4047 1516 4085 non
1549 4032 1947 4098 praeferamus.

620 4105 671 4157 4.
704 4103 810 4157 Sed
845 4108 968 4156 esto
1001 4100 1269 4155 Asterius
1304 4102 1392 4155 hic
1425 4107 1622 4157 noster
1646 4104 1926 4157 Flaverius
1957 4102 2199 4155 Asterius

548 4186 786 4228 vocatus
818 4175 916 4235 sit,
954 4190 1065 4226 non
1096 4188 1226 4227 vero
1258 4173 1483 4227 Turcius
1530 4174 1715 4241 Ruﬁus
1762 4172 2027 4237 Asterius,
2057 4174 2196 4241 quid

549 4246 727 4298 inde?
760 4245 922 4298 Enim
951 4260 1084 4297 vero
1116 4244 1235 4296 haec
1269 4244 1417 4307 dico,
1443 4246 1670 4299 Tureius
1688 4245 1877 4311 Ruﬁus
1902 4245 2198 4297 affinxisse

550 4316 629 4369 illi
667 4317 851 4369 dicam
890 4316 1179 4368 librarios.
1212 4317 1415 4368 Annon
1451 4317 1505 4368 id
1542 4317 1770 4370 facilius
1830 4316 1987 4381 fecit,
2018 4332 2195 4385 quam

550 4386 784 4441 Sedulio
817 4387 1115 4440 al’ﬁnxisse
1138 4385 1443 4454 epistolam
1468 4388 1537 4441 ad
1565 4388 1967 4442 Macedonium
1993 4394 2050 4440 et
2069 4402 2195 4441 car-

548 4474 680 4540 men
734 4457 808 4540 ad
862 4456 1487 4540 Theodosium,“quod,
1524 4465 1593 4540 ut
1633 4476 1805 4540 suam
1862 4458 2194 4540 opinionem

545 4534 843 4591 tueantur,
861 4528 1075 4581 factum
1103 4543 1229 4580 esse
1260 4527 1464 4582 dicunt
1496 4530 1595 4598 qui
1631 4527 1925 4584 Sirmondi
1959 4536 2192 4584 senten-

546 4600 688 4654 tiam
721 4599 1573 4670 contemnuntautrejiciunt?
1599 4601 1662 4654 Et
1692 4617 1925 4655 carmen
1951 4602 2190 4670 quidem

550 4672 746 4726 Proba:
764 4670 1041 4724 Falconiae
1061 4668 1559 4739 adjudicant,qttia
1576 4668 2193 4740 proﬁxuntaliqurindo

545 4745 654 4798 fuit
685 4741 921 4797 Centoni
957 4742 1132 4804 huius
1168 4741 1400 4809 poetriae
1435 4758 1447 4794 :
1484 4743 1651 4808 quasi
1689 4760 1801 4796 non
1838 4744 2091 4811 potuerit
2122 4745 2193 4797 ab

542 4830 714 4883 Opere
738 4813 953 4868 Sedulii
982 4814 1038 4867 in
1062 4813 1372 4866 Centonem
1402 4814 1679 4868 Falcouiaa
1698 4815 2187 4875 transferri,sicut

544 4904 575 4940 a
599 4888 859 4941 carmine
895 4884 1173 4939 Falconia:
1194 4884 1247 4937 in
1271 4900 1415 4947 onus
1441 4884 1661 4939 Snduiii
1688 4886 2037 4939 translatum
2063 4902 2193 4940 esse

544 4959 777 5013 dicitur.
810 4964 979 5009 Porro
1004 4957 1051 5009 si
1083 4957 1136 5007 in
1164 4956 1419 5008 carmine
1450 4956 1668 5009 Sedulii
1700 4958 1767 5011 ad
1801 4958 2189 5011 Theodosium

544 5031 613 5082 de
642 5028 882 5084 Arcadio
917 5029 1029 5091 iam
1066 5030 1201 5080 nato
1233 5026 1451 5082 sciolus
1472 5026 1683 5091 aliquis
1713 5044 2039 5083 sermonem
2066 5045 2193 5082 esse

544 5102 790 5169 putavit,
815 5100 955 5153 satis
983 5100 1086 5152 hoc
1108 5098 1216 5165 ipsi
1241 5104 1364 5152 erat
1386 5104 1449 5152 ut
1471 5114 1701 5153 carmen
1735 5101 1876 5153 illud
1916 5100 2191 5153 li‘alconite

543 5174 881 5229 ascriberet,
918 5170 1067 5226 208
1100 5185 1276 5237 quam
1310 5171 1485 5223 sciret
1517 5172 1827 5226 Theodosii
1856 5172 2069 5238 Magni,
2090 5172 2189 5239 qui

543 5242 726 5296 lilium
752 5242 957 5296 habuit
977 5240 1584 5309 Arcadium,tcmpore
1607 5243 1841 5298 vixisse.
1872 5242 2188 5311 Epistulam

543 5319 735 5367 autem
764 5316 829 5363 ad.
857 5313 1620 5367 MacedoniummwAsterio
1636 5315 2041 5369 ascrihendam
2063 5331 2191 5369 esse

538 5384 736 5445 velint,
770 5385 984 5436 nescio.
1019 5383 1139 5435 Nisi
1176 5384 1349 5452 quod.
1386 5390 1445 5435 ut
1478 5386 1697 5438 dictum
1750 5391 1857 5445 est,
1884 5388 1929 5439 si
1957 5385 2189 5440 Sedulio

538 5456 914 5508 tribuaturet
941 5457 989 5507 is
1016 5459 1282 5508 mortuus
1306 5456 1479 5507 fuerit
1506 5464 1639 5508 ante
1668 5474 1887 5509 annum
1915 5457 2038 5515 450,
2063 5473 2188 5510 car-

539 5544 671 5581 men
700 5528 849 5585 qnod
877 5528 943 5578 ad
966 5527 1235 5578 euuulem
1263 5525 1669 5581 Macedoniam
1688 5529 2186 5592 scribitAsterius,

538 5599 642 5653 Sed
658 5597 832 5650 tiliani
854 5597 1043 5665 operis
1057 5596 1723 5661 concinnatoreteditor,
1744 5617 1911 5653 nemo
1928 5616 2185 5669 unquam

539 5670 730 5724 credet
754 5670 1037 5735 scriptum
1060 5682 1186 5721 esse
1210 5668 1280 5719 ab
1296 5684 1361 5721 eo
1381 5670 1477 5737 qui
1496 5686 1647 5723 anno
1682 5672 1782 5723 4Ἷ4
1814 5673 2184 5725 consulatum

539 5741 740 5811 gessit.
766 5741 915 5792 Sane
934 5744 1252 5811 utrumque
1274 5741 2187 5809 scriptum,epistolam.inquam,

537 5810 603 5866 ad
643 5810 1045 5866 Macedoniam
1072 5816 1125 5863 et
1149 5827 1381 5865 carmen
1418 5814 1485 5865 ad
1519 5814 1906 5867 Theodosium
1943 5815 2053 5867 sub
2086 5817 2181 5867 Se-

539 5884 685 5939 dulii
719 5883 957 5939 nomine
990 5881 1292 5953 ipsiusque
1324 5883 1483 5954 operi
1519 5885 1817 5953 praeﬁxum
1851 5887 2185 5955 frequenter

1395 263 1744 321 ADDBNDA
1782 263 1880 318 AD
1915 261 2262 328 QUOSDAM
2298 255 2841 316 PMCRDENTES
2878 257 3134 315 TOMOS.

2238 391 2285 456 Α
2315 383 3208 458 invenimus.VideBibliotheca;
3221 382 3347 458 Yet.
3365 386 3469 439 PP.
3494 384 3655 458 editae
3680 386 3905 458 Lugduni

3814 263 3902 317 792

2317 476 2469 531 anno
2530 459 2691 531 1671,
2724 466 2882 531 tum.
2910 456 3001 531 Vl.
3039 457 3101 510 ln
3152 456 3379 531 eadem,
3432 461 3567 531 tom.
3603 457 3664 525 V,
3696 456 3903 531 reperies

2309 530 2623 585 Centonem
2642 529 2926 584 Falconite
2939 529 3066 583 sine
3084 544 3150 582 eo
3173 529 3243 582 ad
3268 528 3652 583 Theodosium
3669 528 3902 589 carmine.

2880 628 3015 681 Nota
3049 626 3200 688 LXII,
3227 643 3281 695 ρ.
3304 625 3394 679 se.

2385 707 2716 762 Sebastiani
2750 705 2947 774 inclyti
2980 706 3131 759 bello
3154 704 3255 776 viri
3285 702 3593 760 Gaisericus
3619 707 3715 776 (ait
3740 707 3905 766 Victor

2312 778 2594 843 Vitensis,
2646 778 2747 832 lib.
2784 780 2823 848 1)
2855 777 2997 831 sicut
3027 775 3264 831 consilia
3293 782 3599 831 necessaria
3630 778 3818 845 habeat,
3844 782 3903 837 ita

2313 861 2362 906 et
2380 849 2739 921 praesentiam
2760 849 3551 921 formidabatﬂupiensutilem
3568 849 3719 903 illum
3733 854 3901 907 exstin-

2314 919 2498 993 guere,
2533 920 2869 975 occasionem
2897 919 3190 993 mortisrde
3223 920 3441 989 regione
3470 921 3731 990 quaesivit,
3761 924 3902 978 nimi-

2317 1011 2444 1049 rum
2480 994 2548 1046 ad
2581 994 2975 1046 Arianismum
3006 992 3235 1045 trahere
3270 993 3431 1045 illum
3470 996 3901 1063 pertentavit.Sed

2316 1083 2447 1120 cum
2472 1064 2746 1119 Gaiserici
2779 1065 3212 1137 suggestionem
3247 1069 3420 1137 acuta
3453 1065 3904 1137 pulcherrimaque

2316 1137 2694 1208 responsione
2709 1138 2871 1190 retud
2884 1136 3337 1189 issetSebastian
3350 1152 3414 1188 us
3431 1137 3713 1208 obmutuit
3727 1136 3909 1207 quidem

2318 1207 2443 1263 tum
2478 1208 2840 1275 Gaisericus;
2874 1215 3249 1281 verumtamen
3277 1207 3684 1278 (additVictor)
3704 1208 3809 1281 alio
3832 1226 3907 1281 ge.

2315 1282 2465 1335 neris
2483 1289 2811 1351 argumento
2826 1282 3008 1351 postea
3026 1277 3340 1351 bellicosum
3356 1281 3534 1331 virum
3546 1277 3908 1342 occidit.0uod-

2320 1368 2453 1407 nam
2489 1349 2684 1405 autem
2721 1350 2894 1403 fuerit
2923 1349 3065 1403 illud
3099 1355 3537 1420 argumentum,
3564 1368 3670 1404 non
3696 1353 3910 1420 prodidit

2320 1426 2535 1477 Victor.
2562 1426 2635 1476 At
2655 1422 2701 1476 si
2728 1422 2900 1476 unica
2932 1427 3157 1493 tantum
3186 1420 3387 1490 religio
3412 1422 3559 1492 apud
3593 1423 3814 1493 impium
3840 1440 3910 1477 re—

2318 1511 2449 1567 gem
2467 1510 2627 1549 rcum
2649 1496 2856 1575 iecerat
2869 1492 3301 1575 Sebastianum,
3328 1511 3360 1563 q
3373 1510 3515 1547 uocu
3530 1492 3786 1575 nque'alio
3800 1511 3911 1575 prte-

2318 1564 2478 1620 textu
2510 1581 2642 1620 eum
2678 1564 2977 1633 occiderit,
3014 1564 3201 1635 ipsius
3233 1581 3440 1618 nomen
3477 1564 3598 1619 coeli
3632 1564 3811 1619 tabula
3834 1567 3915 1636 (ait

2320 1638 2496 1692 enim.
2532 1638 2837 1702 Baronius,
2871 1640 2939 1690 ad
2970 1652 3190 1690 annum
3220 1636 3345 1705 446)
3377 1642 3434 1691 et
3464 1636 3608 1691 liber
3636 1638 3751 1691 vita:
3780 1638 3911 1692 inde-

2319 1707 2477 1765 lebili
2510 1714 2647 1764 nota
2677 1709 2963 1779 scriptum
2990 1708 3215 1762 retine'.

2860 1805 2995 1860 Nota
3027 1807 3209 1872 LXIII,
3239 1823 3295 1877 p.
3326 1776 3416 1861 87‘.

2385 1887 2436 1943 4.
2462 1887 2567 1952 Qui
2599 1886 2749 1956 leget
2797 1886 3100 1956 epistolam
3154 1886 3358 1940 Leonis
3382 1885 3448 1939 ad
3478 1886 3782 1940 Ravenium
3808 1889 3912 1939 Are-

2315 1958 2597 2013 latensem
2616 1958 2979 2028 episcopum,
3004 1974 3131 2027 quae
3157 1959 3258 2013 110
3279 1959 3447 2012 estin
3468 1959 3717 2029 antiquis
3732 1959 3911 2011 Editio-

2316 2031 2511 2095 nibus,
2544 2030 2833 2099 intelliget
2861 2034 3115 2100 profecto
3147 2030 3217 2084 de
3250 2029 3365 2083 illis
3399 2032 3636 2099 scriptis
3664 2046 3815 2100 agere
3842 2029 3914 2082 hic

2316 2102 2373 2155 Id
2384 2102 2564 2155 atium
2592 2118 2717 2171 quae
2734 2101 3064 2155 sanctissim
3078 2118 3145 2155 us
3161 2102 3413 2171 pontifex
3428 2101 3614 2155 Raven
3627 2103 3709 2155 nis
3725 2102 3915 2165 indixit,

2314 2178 2373 2227 ut
2386 2172 2772 2227 sollicitudine
2794 2172 3228 2242 vigilantiwsuaz
3239 2176 3442 2242 Iaceret
3470 2175 3734 2227 universis
3758 2176 3918 2243 [ratri-

2318 2246 2414 2299 bus
2432 2243 3488 2311 innotescere,fratribus,scilicet,non
3504 2244 3759 2313 Hispanis
3781 2243 3917 2297 modo

2316 2317 2468 2372 πω)
2522 2318 2621 2369 sed
2674 2316 2849 2369 etiam
2900 2315 3099 2369 Gallis.
3154 2316 3222 2369 Et
3268 2316 3338 2369 ad
3390 2315 3675 2385 Hispanos
3718 2315 3915 2385 quidem

2315 2388 2752 2442 transmittendi
2777 2388 2895 2440 haec
2915 2389 3133 2457 scripta
3154 2403 3296 2441 cura
3328 2388 3612 2442 Ravennio
3643 2387 3917 2441 demanda-

2316 2465 2432 2527 tur,
2466 2460 2623 2529 quia,
2659 2459 2740 2513 sic
2790 2459 3223 2529 provinciarum
3289 2460 3479 2528 positu
3539 2459 3798 2529 exigente,
3835 2472 3915 2528 per

2316 2530 2532 2585 Gallias
2564 2532 2630 2583 ad
2668 2531 2975 2598 Histianias
3010 2530 3158 2584 mitti
3192 2529 3481 2592 solebant,
3514 2533 3591 2585 uti
3639 2536 3839 2584 constat
3863 2545 3915 2582 ex

2315 2603 2484 2672 epist.
2520 2602 2704 2671 (mihi)
2733 2603 2803 2654 52
2835 2601 3020 2672 ipsius
3053 2602 3260 2656 Leonis
3309 2603 3377 2655 ad
3424 2604 3691 2656 eumdem
3724 2602 3914 2672 llaveuu-A

2320 2670 2700 2739 nium.Quare
2726 2670 2919 2727 mirari
2945 2674 3089 2727 satis
3114 2689 3335 2743 nequeo
3359 2670 3916 2736 PaschasiiQuesnelli

2320 2744 2633 2809 levitatem,
2660 2744 2760 2815 qui
2783 2761 2846 2799 ex
2873 2744 2945 2798 iis
2969 2742 3335 2799 occasionem
3363 2746 3601 2811 arripuit
3629 2745 3681 2798 in
3701 2745 3832 2798 notis
3855 2742 3910 2795 ad

2317 2816 2623 2886 epistolam
2653 2816 2858 2870 Leonis
2877 2817 3054 2886 (apud
3074 2817 3291 2886 ipsum)
3317 2818 3403 2880 15,
3429 2815 3911 2881 n.9,istaell‘utien-

2318 2889 2372 2941 di
2384 2905 2395 2940 :
2407 2890 2539 2942 Cum
2554 2887 2947 2958 Hispaniarum
2960 2889 3195 2942 Ecclesia
3208 2890 3264 2941 in
3281 2904 3484 2956 magna
3498 2893 3625 2942 tunc
3638 2888 3913 2956 ignorantia

2317 2975 2473 3013 versa
2481 2969 2655 3022 retur,
2664 2960 2921 3028 plurimis
2940 2976 3131 3014 earum
3153 2959 3419 3029 episcopis
3436 2977 3501 3013 ve
3512 2960 3531 3013 Ι
3543 2976 3719 3013 errore
3733 2958 3913 3027 infectis

2317 3032 2398 3085 vel
2420 3031 2485 3085 de
2509 3032 2766 3087 Ecclesiw
2788 3032 3039 3086 doctrina
3059 3046 3166 3085 non
3189 3034 3323 3085 satis
3349 3030 3915 3087 instructisadmodum

2322 3105 2647 3157 conveniens
2676 3113 2826 3167 erat,
2855 3113 2914 3157 ut
2940 3119 3133 3157 earum
3162 3102 3386 3173 synodi:
3428 3120 3505 3157 ex
3551 3102 3913 3157 Gallicanorum

2318 3174 2634 3229 antistitum
2664 3176 2777 3243 ﬁde
2806 3190 2870 3227 ac
2898 3176 3151 3228 doctrina
3173 3175 3339 3229 robur
3363 3176 3663 3230 accederet.
3682 3174 3758 3227 lta
3777 3174 3913 3236 Ques-

2320 3246 2533 3313 nellus,
2568 3246 2899 3300 honestiore
2932 3246 3093 3299 nullo
3124 3245 3237 3299 ﬁne
3270 3262 3447 3316 quam
3493 3253 3558 3300 ut
3584 3245 3913 3316 vanissimam

2317 3318 2497 3370 Gallis
2529 3318 2653 3371 suis
2681 3316 2912 3372 laudem
2946 3323 3187 3386 quaerat,
3208 3315 3521 3387 episcopos
3554 3316 3816 3387 Hispaniae
3835 3315 3911 3367 de-

2319 3388 2606 3444 honestat.
2635 3388 2841 3443 Verum
2872 3388 2928 3442 id
2964 3389 3348 3457 tolerabilius,
3383 3388 3532 3443 illud
3564 3389 3779 3459 gravius
3826 3391 3911 3459 est.

2316 3461 2470 3530 quod
2494 3477 2625 3513 cum
2653 3460 2725 3513 ab
2748 3460 3040 3529 episcopis
3061 3460 3257 3514 Gallia:
3284 3456 3446 3513 nulla
3473 3456 3735 3515 doctrinae
3756 3456 3910 3527 capita

2316 3534 2534 3602 scripta
2556 3532 2736 3593 nulla,
2755 3532 2865 3585 nisi
2892 3549 3018 3602 quae
3045 3532 3335 3587 Ravennio
3360 3532 3547 3586 missa
3568 3532 3908 3587 suntasanctu

2319 3603 2588 3667 l.eone,in
2615 3603 2924 3673 Hispanias
2946 3604 3308 3658 transmissae
3322 3604 3591 3671 fuissent,
3609 3604 3757 3657 nullo
3778 3604 3910 3669 pacto

2315 3674 2437 3748 fieri
2474 3676 2659 3745 potuit
2682 3680 2746 3728 ut
2766 3692 2831 3729 ex
2854 3675 3205 3748 Gallicorum
3241 3676 3580 3730 antitistum
3616 3677 3719 3729 lida
3746 3689 3801 3748 ac
3828 3672 3908 3748 du:

2313 3746 2503 3801 ctrina
2552 3748 2787 3817 synodis
2832 3747 3127 3815 Hispaniae
3179 3750 3358 3801 robur
3409 3749 3722 3813 accederet,
3752 3744 3846 3817 nisi
3870 3744 3904 3792 si

2313 3818 2344 3871 d
2357 3818 2523 3872 ixerit
2536 3816 2884 3882 Quesnellus
2904 3818 3138 3888 scriptis
3159 3818 3345 3873 sancti
3360 3818 3561 3888 Cyrilli
3578 3836 3605 3873 a
3620 3816 3817 3888 synodo
3833 3828 3906 3883 ge-

2313 3889 2489 3962 nerali
2528 3889 3187 3962 Ephesrinaapprobatis
3205 3890 3517 3958 eidemque
3536 3891 3744 3962 synodo
3765 3888 3909 3962 inser-

2312 3960 2409 4031 tis,
2436 3957 2609 4029 atque
2635 3959 3246 4031 epistolzedogmaticm
3271 3957 3906 4031 pontiﬁcis'summiLeo-

2310 4030 2401 4084 nis
2436 4048 2648 4085 novum
2673 4050 2706 4086 a
2729 4030 3022 4086 Ravennio
3048 4038 3105 4085 et
3125 4030 3365 4101 collegis
3402 4037 3580 4088 robur
3607 4030 3903 4101 accessisse.

2308 4103 2462 4175 quod
2496 4104 2696 4175 eadem
2730 4105 2946 4175 scripta
2976 4120 3175 4158 secum
3207 4099 3640 4175 in‘Hispaniam
3689 4099 3905 4162 tulerint,

2308 4174 2487 4243 huius
2521 4174 2825 4245 provinciae
2858 4177 3094 4246 synodis
3127 4174 3462 4231 inserenda.

2377 4247 2430 4299 2.
2459 4251 2723 4315 Atquam
2760 4247 2930 4313 longe
2964 4248 3140 4301 fuerit
3179 4248 3250 4301 ab
3297 4249 3405 4302 hac
3445 4248 3693 4301 vanitate
3724 4247 3903 4296 Raven-

2309 4316 2441 4389 uius
2462 4322 2517 4372 et
2539 4318 2925 4387 quadraginta
2942 4325 3060 4373 tres
3084 4319 3178 4372 alii
3200 4318 3463 4389 episcopi
3483 4318 3782 4389 Galliarum
3800 4324 3902 4389 cum

2310 4378 2602 4461 ftavenni'o
2630 4391 2687 4443 in
2720 4378 2941 4459 synodo
2972 4378 3330 4461 congregati,
3355 4378 3619 4461 ipsorum
3653 4378 3901 4461 lutei-testi

2228 4488 2272 4551 Β
2306 4459 2553 4542 Leonem
2588 4450 2928 4551 ostendunt,
2962 4450 3509 4551 quibusupro'nt‘antlo
3551 4450 3903 4551 rq‘uqerens‘ihi

2304 4531 2411 4601 ipsi
2438 4533 2617 4587 misso
2640 4532 2859 4602 gratias
2881 4534 2930 4586 ei
2964 4530 3172 4603 agunt,
3211 4530 3554 4603 proﬁtentes
3584 4530 3906 4603 Galliarum-

2302 4596 2547 4673 tumque
2562 4596 2757 4658 orbem
2775 4596 3032 4674 epistolae
3048 4596 3387 4674 hujusmodi
3404 4596 3909 4674 radiisfuisseillus-

2303 4672 2655 4730 tratu’m.Sed
2674 4672 3175 4739 ipsosaudiamus:
3190 4678 3630 4736 Perlalaadnos,
3645 4672 3903 4741 inquiunt.

2302 4748 2531 4813 epistola
2589 4747 2880 4818 beatitudis
2935 4756 3153 4814 vestrae,
3185 4766 3351 4818 quam
3397 4750 3469 4802 ad
3518 4748 3908 4818 Orientemer

2297 4818 2583 4871 catholica?
2608 4817 2736 4886 ﬁdei
2765 4821 3074 4874 assertione
3096 4813 3587 4888 misistis.....0uis
3616 4813 3906 4890 apostolatui

2301 4894 2474 4942 vrslro
2506 4883 2730 4957 pro'hoc
2760 4896 2908 4944 tanto
2940 4907 3186 4957 munere,
3209 4892 3348 4961 quod
3378 4883 3489 4947 non
3521 4883 3694 4943 solun:
3721 4883 3901 4961 Gallis;

2300 4962 2398 5034 sed
2430 4964 2599 5013 totum
2623 4963 2887 5015 mundum
2916 4964 3064 5034 velut
3092 4960 3422 5034 quihusdam
3452 4976 3675 5033 gemmis
3702 4960 3904 5011 ornavit,

2300 5030 2499 5095 dignas
2525 5036 2759 5086 aestimet
2784 5033 2996 5102 gratias
3044 5030 3197 5103 posse
3242 5030 3531 5103 persolvi?
3577 5034 3645 5087 Et
3691 5035 3903 5103 rursus:

2301 5117 2427 5177 quae
2455 5097 2801 5177 apostolatus
2820 5108 3000 5177 restri
3027 5097 3250 5174 scripta
3268 5113 3342 5160 ita
3374 5112 3431 5160 ut
3465 5106 3619 5161 ιιιο
3645 5097 3902 5177 symbol“?!

2300 5168 2425 5255 [idet
2450 5168 3147 5255 ginisqnisredemptionis'
3172 5188 3521 5255 sacramenta
3550 5192 3654 5255 non
3672 5168 3901 5255 ’τιεριτξθξίί

2298 5240 2513 5300 labilis
2566 5240 2743 5302 cordis
2798 5240 3075 5318 ascripsit.
3112 5249 3317 5303 Audin’
3358 5240 3904 5318 Quesnellelscripla

2302 5318 2457 5389 sellis
2491 5318 2818 5389 apostolicae
2846 5319 2916 5372 de
2947 5305 3005 5373 re
3038 5305 3395 5387 dogmatira:
3416 5318 3611 5389 qualis
3654 5319 3734 5389 est
3778 5305 3905 5389 bulla!

2303 5388 2645 5461 υηίιιρηίντςκ.
2684 5399 2737 5441 ut
2772 5391 3075 5457 symbolum
3118 5384 3253 5461 ﬁdei
3304 5384 3507 5447 tabulis
3548 5387 3719 5445 cordis
3761 5384 3904 5461 nostri

2296 5460 2627 5513 ascribtnda
2682 5455 2828 5514 sunt.
2871 5462 3032 5524 Quod
3067 5455 3171 5517 si'e
3228 5479 3505 5517 converso
3562 5478 3627 5515 ea
3678 5455 3904 5527 prat'ﬂcfe

2301 5530 2705 5605 Redemptoris
2739 5537 2859 5601 gral
2875 5550 2985 5588 tam
3025 5552 3191 5604 uiagu
3205 5536 3213 5586 i
3227 5536 3349 5589 ticis
3365 5535 3555 5589 verbis
3572 5528 3820 5605 extollere
3835 5536 3901 5573 κιο

2297 5602 2418 5674 dcri
2454 5602 2613 5667 velis,
2648 5604 3035 5674 redemptionis
3090 5602 3444 5662 sacramenta
3508 5606 3670 5659 factis
3711 5618 3764 5653 re
3803 5602 3900 5661 ἰρειι

2299 5673 2565 5744 negligis,
2600 5676 2849 5743 spernis,
2885 5676 3216 5731 conculcas.
3256 5680 3363 5733 Sed
3400 5678 3470 5732 ad
3508 5678 3800 5744 inemptum
3830 5678 3898 5744 ξεῖ

2295 5739 2562 5799 όρὰτῐῆις.
2589 5739 2665 5800 Ei:
2696 5748 3102 5815 episcoporum
3138 5749 3335 5802 Gallim
3364 5749 3555 5804 allatis
3587 5739 3779 5801 verbis.
3807 5739 3893 5817 (ᾔει

2293 5824 2499 5890 Cretera
2518 5808 2864 5890 deessent,si
2878 5808 3097 5875 clausis
3111 5838 3222 5875 non
3239 5808 3895 5890 eratQuesncllusoculiS.

2292 5889 2484 5945 videre
2516 5888 2842 5947 clarissime
2872 5893 3089 5962 potuit,
3116 5894 3331 5965 scripta
3364 5892 3461 5949 illa
3485 5908 3519 5948 a
3542 5893 3715 5946 Leone
3743 5888 3894 5939 missa
