4156 6320
314 265 440 322 793

1376 272 1452 326 IN
1490 270 1715 324 IDATII
1751 266 2072 322 ΕΡΙΒΟΟΡῘ
2107 268 2521 325 CHRONICON
2559 272 2788 326 ΝΟΤΕ.

3650 270 3757 326 794

321 387 509 468 fuisse
538 390 599 445 in
633 389 880 468 Gallias,
912 408 1029 468 non
1063 396 1128 447 ut
1148 393 1279 468 illic
1311 394 1381 449 ab
1414 393 1703 464 episcOpis
1736 391 1984 468 Gallica-
2021 398 2063 462 Α
2100 391 2272 447 exhis
2289 410 2434 463 quos
2450 395 3536 467 amatNorisiustetigisseacceptusab
3552 413 3616 451 eo
3632 414 3760 468 pro-

326 466 421 519 nis
458 480 606 519 nova
636 463 761 518 luce
792 480 859 517 ac
893 465 1097 520 robore
1128 463 1508 535 donarentur,
1538 475 1846 535 antequam
1882 467 1982 517 de-

327 538 621 609 ferrentur
652 536 711 588 in
744 535 1081 609 Hispanias,
1117 540 1213 591 sed
1273 538 1409 609 quia
1443 539 1511 592 ad
1547 538 1877 609 Hispanias,
1914 535 1981 588 ad

326 624 478 678 quas
510 607 662 661 sicut
689 608 758 660 ad
794 609 1047 678 reliquas
1095 611 1253 664 urbis
1289 607 1984 681 provinciasmitteban-

327 687 445 741 tur,
486 683 596 733 iter
627 684 753 731 erat
786 695 887 741 per
915 680 1151 735 Gallias.

400 752 457 804 3.
539 748 889 812 Quesnellus
952 752 1069 806 vim
1140 752 1655 819 auctoritatemque
1722 748 1983 819 epistola:

324 821 540 895 Leonis
573 823 839 895 obscuris
872 824 1288 895 ambiguisque
1321 824 1511 878 verbis
1544 828 1853 895 extenuare
1884 837 1982 873 vo-

329 893 515 947 luisse
546 892 708 948 visus
736 900 843 947 est.
879 896 948 948 At
982 892 1271 961 Norisius,
1308 898 1445 949 dum
1471 895 1644 949 etiam
1670 893 1823 946 inter
1846 908 1983 945 suos

327 965 669 1019 concellitas
724 966 1005 1035 privatam
1064 968 1237 1020 vitam
1299 971 1518 1037 ageret,
1550 971 1761 1037 aperto
1807 964 1983 1037 nimis

328 1045 508 1107 atque
553 1033 840 1106 intrepide
889 1038 1119 1092 dictata:
1160 1033 1424 1107 ejusdem
1460 1033 1717 1108 epistola:
1752 1033 1981 1089 laudern

331 1109 504 1162 Leoni
539 1110 869 1177 ademptam
902 1112 957 1162 in
992 1114 1341 1180 Prosperum
1376 1110 1692 1163 transferre
1737 1112 1983 1180 conatus

328 1185 440 1234 est.
474 1180 581 1232 Sed
619 1185 854 1250 praestat
886 1180 1078 1249 ipsum
1111 1178 1331 1248 audire,
1358 1180 1459 1234 lib.
1496 1198 1553 1245 ιι,
1588 1197 1713 1249 cap.
1756 1178 1983 1241 15,His-

326 1256 439 1330 tor.
471 1251 693 1330 _Pelag.,
728 1251 797 1330 ad
825 1267 1001 1330 quam
1034 1252 1217 1305 nihilo
1248 1252 1379 1330 plus
1412 1252 1661 1330 faciebat
1690 1266 1882 1330 sermo
1913 1250 1983 1301 de

328 1322 438 1376 hac
471 1322 677 1377 Leonis
706 1324 972 1392 epistola,
1004 1340 1179 1392 quam
1213 1322 1436 1393 prolixa
1468 1322 1567 1376 illa
1597 1324 1668 1376 de
1700 1322 1983 1375 Levinen-

328 1395 518 1459 sibus,
538 1394 982 1463 Agaunensibus
1000 1401 1055 1448 et
1070 1392 1422 1450 Jurensibus
1438 1395 1741 1449 monachis
1762 1392 1983 1445 disser-

328 1466 473 1519 tatio
507 1474 681 1535 atque
715 1472 989 1519 sexcenta
1020 1465 1154 1520 alia.
1207 1466 1354 1533 Ergo
1405 1465 1695 1529 Norisius,
1729 1464 1983 1535 adducto

330 1533 620 1591 Gennadii
652 1537 1010 1605 testimonio,
1046 1539 1141 1592 ubi
1177 1538 1245 1591 de
1279 1537 1558 1609 Prospero
1594 1535 1790 1609 inquit
1816 1550 1829 1590 :
1860 1533 1983 1604 Epi-

330 1610 484 1662 stolas
517 1624 725 1678 quoque
753 1624 909 1677 papa
940 1610 1131 1663 Leonis
1161 1607 1729 1678 adversus‘Eutychen
1758 1607 1823 1661 de
1854 1621 1983 1659 vera

334 1680 547 1734 Christi
603 1681 992 1734 lncarnatione
1044 1680 1114 1733 ad
1165 1679 1404 1735 diversos
1458 1683 1601 1734 datae
1653 1685 1703 1733 et
1747 1679 1815 1731 ab
1863 1678 1981 1743 ipso

326 1752 642 1821 (Prospero)
677 1752 904 1807 dictata?
932 1752 1249 1814 creduntur,
1276 1753 1394 1806 hinc
1443 1752 1605 1805 addit
1634 1768 1702 1805 ex
1736 1749 1980 1821 Baronio

329 1819 389 1876 in
418 1826 568 1877 notis
591 1823 661 1877 ad
691 1822 1165 1893 Martyrologium
1204 1822 1657 1890 Romanum,(lie
1679 1824 1748 1875 25
1776 1819 1937 1893 Junii
1961 1836 1977 1893 ξε

329 1894 446 1949 Αίιο
484 1892 805 1947 Viennensis
835 1891 885 1948 et
914 1895 1019 1948 alii
1048 1896 1294 1961 tradunt,
1330 1897 1661 1965 Prasperum
1717 1892 1889 1961 fuisse
1915 1891 1980 1944 ab

329 1966 579 2034 epistolis
608 1965 789 2037 sancti
819 1965 1011 2020 Leonis
1057 1984 1208 2037 papa
1241 1967 1306 2020 ab
1338 1982 1507 2036 eoque
1550 1968 1757 2031 scripta
1806 1966 1984 2030 fertur

328 2037 709 2106 famosissima
738 2036 837 2091 illa
868 2038 1095 2107 epistola
1123 2036 1304 2092 sancti
1334 2039 1527 2093 Leonis
1558 2038 1627 2091 ad
1656 2036 1981 2107 Flavianum

326 2105 394 2163 de
427 2110 819 2163 lncarnatione
850 2105 1030 2163 Verbi.
1066 2110 1214 2177 Quod
1245 2125 1354 2163 non
1384 2119 1602 2164 tantum
1639 2105 1983 2174 Gennadius,

329 2181 615 2235 Honorius
646 2188 694 2234 et
724 2180 847 2243 alii,
880 2184 971 2234 sed
1019 2186 1071 2234 et
1121 2180 1469 2235 Marcellinus
1526 2196 1699 2234 comes
1753 2182 1983 2234 testatur

333 2253 392 2305 in
421 2251 707 2306 Chronico.
735 2257 813 2306 Ex
844 2252 933 2305 his
967 2251 1263 2306 concludit
1306 2252 1482 2307 enim.
1519 2250 1806 2317 Norisius,
1842 2265 1983 2303 con-

332 2324 670 2392 elamatque
705 2340 717 2376 :
755 2326 831 2377 Ita
881 2327 1037 2377 tanta
1085 2326 1444 2394 antiquorum
1490 2324 1840 2377 consensione
1890 2320 1985 2374 via:

336 2395 680 2449 Bellarmino
707 2394 811 2449 huc
841 2394 904 2448 de
934 2410 992 2449 re
1011 2396 1143 2464 jure
1171 2395 1463 2449 dubitandi
1492 2397 1639 2449 locus
1667 2398 1933 2464 superest.

398 2467 450 2519 4.
472 2468 579 2519 Sed
598 2466 885 2532 imprimis
909 2462 1040 2519 cum
1065 2466 1332 2535 ignorare
1348 2483 1458 2521 non
1479 2470 1675 2536 posset
1697 2462 1983 2536 Norisius,

324 2544 480 2591 certe
512 2554 624 2592 non
656 2538 912 2603 deberet,
937 2534 1140 2592 eadem
1165 2534 1494 2592 Baronium
1517 2538 1585 2591 de
1619 2542 1853 2591 auctore
1878 2534 1984 2587 hu-

316 2608 422 2681 jus
454 2609 733 2678 epistola,
770 2610 915 2681 2H
959 2626 1135 2681 quam
1170 2608 1588 2664 Bellarminum
1615 2608 1987 2681 sentire,qu_a

332 2680 448 2733 ﬁde
479 2676 577 2735 eos
613 2680 781 2750 quasi
815 2676 1058 2734 inter‘se
1090 2681 1441 2736 dissidentes
1497 2681 1812 2735 lectoribus
1863 2676 1986 2731 suis

329 2752 545 2820 objecit
568 2752 596 2805 ‘t
632 2754 801 2807 Porro
848 2752 1157 2815 Baronius,
1190 2753 1245 2805 in
1279 2752 1628 2816 Annalibus,
1662 2753 1731 2805 ad
1767 2764 1984 2804 annum

330 2823 602 2903 Hahae
648 2825 720 2903 de
771 2840 837 2876 ea
880 2823 1129 2903 epistola
1158 2824 1403 2903 scribit:
1441 2826 1843 2903 Ceteramnon
1874 2820 1989 2873 nisi

331 2897 515 2948 sancti
536 2896 729 2949 Leonis
744 2911 859 2948 esse
874 2894 1153 2960 dixerim;
1185 2895 1389 2951 etenim
1420 2896 1670 2951 eamdem
1691 2894 1987 2948 dictionem

333 2982 455 3036 quae
488 2970 561 3019 est
585 2968 641 3019 in
664 2966 890 3036 epistola
914 2966 1101 3036 alique
1122 2983 1441 3038 recognosco
1464 2968 1521 3020 in
1548 2968 1788 3031 ejusdem
1812 2962 1990 3018 sancti

330 3039 524 3092 Leonis
552 3038 915 3093 sermonibus.
942 3038 1335 3094 Bellarminus
1362 3056 1514 3103 vero,
1552 3038 1651 3092 lib.
1678 3040 1746 3091 de
1770 3038 1986 3103 Script.

324 3108 506 3169 Eccl..
539 3108 594 3161 in
624 3114 925 3180 Prospero,
952 3111 1032 3164 ait
1060 3127 1072 3165 :
1096 3110 1155 3164 Si
1186 3112 1302 3165 ulla
1333 3112 1567 3177 epistola
1591 3112 1771 3163 sancti
1797 3108 1988 3161 Leonis

327 3186 426 3243 est,
454 3180 551 3233 illa
568 3186 795 3235 omnino
816 3190 911 3247 est,
936 3184 1051 3235 sive
1070 3182 1296 3251 stutum,
1319 3182 1431 3237 sive
1455 3183 1763 3235 doctrinam
1785 3182 1979 3234 Leonis

325 3254 600 3307 attendas.
636 3259 711 3305 En
745 3254 859 3307 duo
891 3253 1373 3309 eminentissimis
1425 3254 1756 3307 sanctitatis
1788 3268 1853 3306 ac
1886 3267 1980 3302 sa-

331 3325 569 3395 pientiai
602 3324 731 3392 viri,
766 3340 899 3378 eum
934 3325 1021 3378 vix
1057 3325 1327 3379 dubitare
1354 3328 1485 3395 jure
1518 3329 1778 3395 possent,
1803 3322 1851 3377 si
1883 3321 1989 3375 No-

335 3395 480 3450 risio
511 3396 965 3459 credimus,eam
1000 3396 1308 3464 epistolam
1345 3396 1603 3467 l‘rosperi
1639 3395 1986 3464 esse,ipsam

326 3466 508 3522 Leoni
536 3468 941 3522 indubitanter
969 3468 1328 3534 adjudicant.

402 3541 457 3592 5.
493 3541 574 3592 Ad
609 3540 729 3593 haec
764 3538 863 3593 illa
888 3539 1127 3608 Adonis,
1160 3538 1478 3595 Marcellini
1525 3543 1699 3608 atque
1748 3534 1986 3589 Honorii

331 3627 469 3663 cum
488 3610 784 3665 Gennadio
800 3612 1106 3665 consensio
1131 3629 1242 3665 non
1271 3616 1387 3664 tam
1415 3609 1984 3679 antiquorumquam

334 3682 807 3751 antiquariorum
826 3683 1017 3737 aliena
1032 3684 1247 3750 scripta
1269 3681 1717 3736 exscribentium
1741 3695 1985 3751 conson-

330 3755 419 3807 sio
438 3760 541 3807 est
564 3754 704 3807 Nam
722 3754 1199 3824 utipseNorisius
1222 3755 1451 3811 fatetur.
1471 3752 1737 3822 sequenti
1755 3767 1876 3819 cap.
1897 3750 1986 3824 lli,

331 3824 713 3879 Marcellinus
733 3820 896 3879 unius
921 3825 1195 3878 Gennadii
1219 3824 1394 3879 verbis
1414 3820 1678 3894 loquitur;
1697 3820 1986 3876 Honorius

329 3896 521 3951 omnia
565 3897 637 3950 ad
684 3899 909 3951 verbum
959 3898 1285 3951 transcribit
1332 3913 1406 3951 ex
1461 3894 1756 3950 Gennadio.
1790 3894 1896 3947 Sed
1929 3898 1987 3946 et

332 3969 549 4021 Adonis
586 3968 702 4022 haec
732 3969 904 4022 verba
936 3975 1073 4023 sunt
1100 3986 1111 4023 :
1140 3969 1178 4022 A
1210 3985 1313 4039 quo
1346 3970 1401 4037 (a
1434 3967 1739 4037 Prospero}
1768 3965 1987 4039 dictata!

326 4040 630 4093 creduntur
671 4055 790 4093 esse
837 4040 1087 4102 epistolae
1142 4036 1400 4094 adversus
1460 4036 1734 4110 Eutychen
1764 4036 1829 4091 de
1860 4053 1985 4091 vera

330 4112 548 4164 Christi
576 4114 979 4165 incarnatione.
1016 4112 1226 4164 Eadem
1264 4111 1521 4181 profecto
1554 4128 1682 4180 quae
1712 4126 1889 4177 supra
1919 4125 1987 4162 ex

328 4183 633 4236 Gennadio
655 4182 1044 4254 protuli.Ergo
1064 4200 1214 4235 unus
1230 4182 1568 4238 Gennadius
1584 4190 1797 4236 tantam
1822 4180 1985 4254 illam

330 4255 697 4321 antiquorum
722 4254 951 4307 turbam
981 4253 1235 4315 eonﬁcit,
1262 4271 1328 4307 ex
1352 4270 1601 4323 quorum
1635 4253 1989 4306 consensione

328 4324 426 4378 vix
446 4324 781 4379 Bellarmino
794 4326 940 4379 locus
960 4330 1204 4392 superest
1220 4326 1477 4378 divinam
1500 4325 1659 4378 illam
1675 4323 1984 4391 epistolam

326 4396 517 4451 sancti
558 4396 913 4464 Leonisjure
943 4397 1342 4467 adjudicandi.
1380 4397 1417 4449 E
1454 4397 1743 4467 contrario
1766 4409 1985 4467 veroex

326 4469 581 4522 obscuro
635 4468 973 4537 insertoque
1015 4465 1292 4538 quolibet
1350 4466 1687 4521 ramusculo
1727 4467 1846 4538 jus,
1873 4465 1980 4538 sibi

2099 468 2189 538 cui
2206 467 2382 519 dUblh
2400 468 3121 523 l'uissesicutmisellusille
3135 476 3406 538 acceptus
3421 467 3757 537 estl’rosper

2094 536 2435 591 Pithcnanus
2452 540 2587 608 quia
2605 540 2673 592 ad
2692 558 2909 593 annum
2930 540 3163 593 Honorii
3181 536 3756 594 '23hasresisPrzedes-

2090 608 2517 663 tinatianorum
2536 613 2890 666 mentionem
2911 612 3752 679 l'ecit.Vid.,inl'ra,not.68,n.6.

2163 682 2216 733 6.
2253 680 2511 753 Epistola
2547 682 2755 738 Leonis
2788 685 2857 737 ad
2894 683 3259 737 Ravennium
3320 684 3539 753 scripta
3569 689 3658 738 est
3688 700 3750 737 ιιι

2090 750 2235 825 Non.
2267 752 2396 806 Maii
2422 752 2834 825 Valentiniano
2862 756 3005 825 Aug.
3039 771 3119 808 vn
3151 763 3208 808 et
3240 750 3457 808 Avieno
3490 754 3749 809 consuli-

2090 822 2222 890 bus,
2247 840 2401 877 anna
2429 824 2651 878 scilicet
2682 843 2803 879 rem:
2826 822 3155 880 christiana:
3196 827 3316 880 450.
3345 826 3505 881 Unde
3560 828 3635 880 du
3664 828 3747 880 bi-

2091 900 2212 968 tare
2245 912 2357 949 non
2394 913 2710 965 possumus
2733 898 2948 968 scripta
2979 898 3076 950 illa
3102 915 3227 966 quia
3252 898 3331 951 ibi
3356 899 3753 967 injungitLeo

2093 965 2409 1040 Ravennio,
2438 972 2653 1021 utnota
2676 965 3172 1032 laciat'l'ratribus,
3199 972 3269 1023 ab
3296 965 3608 1040 Hispanias
3635 987 3745 1024 non

2091 1039 2424 1121 pervenisse
2449 1045 2582 1121 ante
2606 1041 3200 1121 lignean-nquuod
3229 1059 3352 1095 cum
3385 1039 3605 1121 [datius
3631 1059 3748 1095 non

2089 1112 2410 1183 ignoraret,
2436 1116 2560 1183 erat
2581 1112 2736 1165 enim
2757 1112 2827 1165 de
2851 1112 3085 1165 illorum
3113 1129 3357 1165 numero
3383 1114 3453 1166 ad
3480 1130 3627 1183 quos
3654 1129 3746 1167 ea-

2090 1182 2219 1234 dem
2256 1180 2355 1253 illa
2386 1182 2603 1251 scripta
2635 1184 3037 1250 mittebantur,
3069 1184 3138 1237 de
3170 1200 3370 1237 eorum
3404 1180 3746 1253 acceptione

2092 1252 2433 1306 meminisse
2469 1269 2579 1307 non
2616 1255 2806 1322 potuit
2830 1261 2961 1308 ante
2982 1272 3199 1308 annum
3227 1258 3293 1307 26‘)
3321 1252 3744 1321 Valentiniani,

2091 1340 2342 1397 quocum
2378 1325 2672 1377 concurrit
2702 1343 2892 1380 annus
2923 1326 3019 1379 ille
3036 1328 3294 1395 vulgaris
3328 1344 3451 1382 terte
3486 1328 3609 1382 450.
3636 1328 3749 1397 [gi-

2089 1400 2187 1468 tur
2220 1395 2323 1468 has
2360 1402 2523 1468 notas
2556 1412 2853 1468 xxv1,quaa
2878 1398 3224 1468 vigesimum
3260 1406 3491 1452 sextum
3522 1395 3743 1453 annum

2091 1465 2317 1540 imperii
2341 1465 3119 1539 Valentiniani'signiticant,
3139 1470 3484 1540 consignare
3513 1487 3624 1523 non
3650 1472 3743 1523 de-

2092 1538 2238 1613 buit,
2264 1544 2500 1613 etcerto
2526 1555 2639 1613 non
2669 1538 3035 1613 consi’gnavit
3061 1540 3279 1594 Idatius
3313 1538 3441 1611 post
3465 1540 3493 1613 ξ
3520 1542 3590 1596 De
3620 1542 3747 1595 Gal—

2092 1609 2190 1663 liis
2236 1610 2507 1683 epistolae,
2541 1610 2800 1676 alioquin
2847 1609 3395 1680 asportationemin
3430 1609 3746 1683 Hispanias

2092 1696 2291 1735 eorum
2343 1681 2694 1751 scriptorum
2727 1683 3028 1753 alligasset
3059 1701 3213 1738 anno
3238 1686 3309 1737 25
3342 1681 3747 1739 Valentiniani

2092 1769 2215 1825 aera:
2230 1753 2563 1825 communis
2584 1754 2701 1819 449,
2724 1755 2990 1809 videlicet
3008 1772 3119 1809 uno
3135 1755 3309 1809 citius
3333 1772 3484 1810 anno
3510 1773 3685 1825 quam
3713 1774 3746 1810 a

2093 1824 2279 1878 Leone
2303 1824 2483 1896 missa
2504 1827 2755 1879 fuerunt.
2786 1828 2984 1896 Itaque
3005 1844 3221 1881 annum
3242 1824 3639 1881 Valentiniani
3675 1828 3743 1881 36

2089 1896 2361 1965 ascripsit
2394 1895 2611 1950 Idatius
2643 1899 2668 1964 §
2701 1895 3091 1958 Sebastianus;
3125 1899 3277 1952 unde
3316 1900 3386 1951 ad
3421 1901 3447 1966 §
3479 1900 3745 1952 Asturius

2090 1966 2297 2020 extulit
2329 1966 2604 2021 librarius
2640 1970 2743 2023 has
2775 1977 2964 2031 notas,
2987 1986 3120 2023 cum
3153 1972 3237 2023 ibi
3278 1984 3492 2023 nomen
3525 1969 3749 2023 consitis

2090 2038 2323 2104 legeret,
2358 2040 2511 2107 quod
2548 2040 2678 2093 novi
2713 2040 2850 2094 anni
2883 2040 3114 2111 signum
3150 2042 3263 2095 sibi
3299 2042 3490 2095 visum
3522 2049 3627 2105 est,
3661 2042 3741 2094 uti

2092 2127 2280 2185 supra
2302 2111 2473 2163 etiam
2508 2111 2742 2166 Honorii
2775 2129 3000 2185 annum
3021 2114 3091 2165 28
3111 2114 3182 2167 ad
3214 2114 3241 2185 Ξ
3277 2114 3632 2168 Constantius
3664 2113 3744 2167 si-

2093 2183 2216 2236 mili
2252 2183 2467 2236 ductus
2500 2198 2693 2238 errore
2728 2184 3053 2238 transtulit.

2644 2282 2779 2337 Nota
2809 2281 2984 2346 LXIV,
3016 2300 3070 2351 ρ.
3102 2282 3192 2337 88.

2164 2360 2584 2425 Consignatum
2620 2362 2687 2415 ad
2723 2363 2750 2428 §
2787 2361 3117 2415 Theodosius
3166 2361 3463 2430 imperator
3508 2361 3747 2416 moritur

2093 2449 2315 2487 annum
2346 2434 2417 2485 27
2448 2432 2845 2487 Valentiniani
2888 2432 3093 2499 delevi,
3126 2434 3269 2486 nihil
3305 2434 3585 2487 dubitans
3617 2449 3744 2487 eam

2094 2504 2222 2557 istic
2260 2513 2454 2557 notam
2485 2521 2596 2557 non
2624 2504 2694 2557 ab
2718 2504 2919 2567 ldatio,
2942 2504 3040 2557 sed
3062 2503 3361 2558 alibrariis
3394 2506 3743 2573 impressam

2095 2576 2385 2630 fuisse.Ex
2408 2593 2524 2645 quo
2558 2592 2670 2630 non
2709 2592 2863 2629 unus
2896 2577 3252 2639 tantuui,sed
3291 2576 3484 2646 plures
3515 2593 3745 2631 errores

2094 2647 2152 2701 in
2186 2646 2509 2702 Cbronieon
2545 2648 2925 2714 irrepserunt,
2950 2663 3097 2716 quos
3130 2648 3476 2716 singulatim
3501 2664 3629 2701 mox
3657 2664 3741 2700 re-

2093 2720 2362 2773 censebo.
2399 2720 2582 2788 Igitur
2630 2718 2941 2773 Theodosii
2969 2735 3126 2773 mors
3161 2718 3373 2788 illigari
3409 2736 3518 2774 non
3558 2718 3745 2788 potuit

2095 2808 2247 2843 anno
2276 2790 2666 2843 Valentiniani
2698 2790 2786 2855 27,
2822 2790 2919 2859 qui
2964 2789 3016 2842 in
3072 2807 3290 2844 annum
3325 2808 3448 2843 term
3481 2791 3740 2857 vulgaris

2095 2863 2248 2916 213
2282 2861 2488 2915 incidit
2520 2863 2643 2915 451.
2679 2860 2843 2913 llunc
2892 2860 3046 2914 enim
3098 2878 3314 2915 annum
3377 2879 3489 2915 non
3546 2862 3744 2931 attigit

2093 2932 2479 2997 Theodosius,
2504 2950 2635 2987 cum
2658 2933 2761 2986 450
2787 2932 3051 2992 obiisset.
3074 2932 3189 2997 die,
3213 2934 3260 2987 si
3284 2933 3587 2987 Theodoro
3615 2934 3743 2987 Lee-

2095 3007 2226 3067 tori,
2263 3006 2363 3059 lib.
2415 3021 2477 3059 ιιι
2529 3003 2869 3071 Collectan.,
2918 3004 3235 3069 credimus,
3282 3006 3349 3057 28
3395 3005 3557 3059 Julii.
3590 3004 3745 3057 Vixit

2094 3077 2455 3131 Theodosius
2490 3091 2673 3129 annos
2704 3093 2852 3140 xux,
2889 3091 3119 3128 menses
3170 3076 3397 3130 circiter
3444 3093 3526 3130 ιιι.
3558 3078 3747 3139 Quare

2014 3150 2056 3216 C
2095 3149 2153 3201 iu
2193 3148 2370 3201 ldatio
2420 3164 2521 3218 pro
2574 3146 3013 3216 quadragesimo
3046 3154 3245 3201 octavo
3296 3147 3609 3214 legendum
3657 3153 3747 3201 est

2094 3236 2241 3283 xux;
2261 3236 2513 3288 namque
2538 3219 2691 3271 hunc
2714 3234 3023 3271 numerum
3052 3219 3256 3271 retinet
3283 3220 3737 3287 Fragmentuml

2096 3292 2387 3361 Hispaniae
2411 3290 2614 3352 illust.,
2639 3295 2695 3343 et
2718 3290 2772 3342 in
2799 3289 3083 3361 Chronico
3105 3293 3282 3342 Parvo
3302 3307 3494 3344 annus
3526 3291 3741 3357 legitur

2095 3364 2182 3427 44,
2204 3360 2357 3431 quod
2387 3360 2991 3415 vehemensindicium
3016 3367 3102 3413 est
3125 3377 3464 3427 germanam
3491 3362 3742 3431 antiqui-

2095 3379 2182 3427 44,
2204 3379 2357 3487 quoa
2387 3379 2991 3415 venemensmoicium
3016 3379 3102 3413 est
3125 3379 3464 3427 germanam
3491 3379 3740 3431 antiqui-

2094 3440 2190 3488 tus
2244 3433 2525 3487 ectionem
2562 3433 2740 3486 fuisse
2764 3448 2911 3497 xux,
2936 3437 3105 3499 atque
3134 3448 3202 3486 ex
3231 3449 3298 3486 ea
3328 3438 3522 3487 natam
3560 3433 3740 3487 fuisse

2095 3505 2252 3558 illam
2288 3504 2554 3559 Chroniei
2592 3504 2751 3557 Parvi
2786 3520 2935 3568 XLIV,
2962 3508 3185 3557 mutata
3212 3521 3241 3556 κ
3274 3504 3330 3556 ἱιι
3358 3521 3407 3558 ν.
3434 3504 3512 3557 Ex
3548 3504 3637 3558 his
3671 3503 3738 3556 li-

2095 3577 2274 3646 quido
2293 3574 2672 3643 consequitur
2695 3592 2807 3628 non
2842 3576 2969 3628 ideo
3006 3581 3270 3630 notarum
3303 3574 3741 3643 chronologica-

2095 3665 2222 3702 rum
2258 3649 2467 3701 seriem
2502 3648 2559 3698 in
2599 3646 2772 3699 Idalio
2806 3663 2908 3715 per
2948 3646 3053 3700 hos
3100 3665 3285 3701 annos
3342 3649 3735 3715 perturbatam

2095 3718 2441 3788 luisse,quia
2464 3724 2595 3771 ante
2622 3718 2813 3784 hune§
2838 3717 3160 3772 Theodosius
3185 3718 3487 3787 imperator
3502 3722 3740 3773 moritur

2093 3789 2486 3844 Valentiniani
2509 3805 2699 3860 annus
2728 3791 2798 3860 26
2830 3790 3144 3856 inscriptus
3178 3798 3263 3843 est
3288 3808 3299 3855 ;
3323 3793 3419 3844 sed
3445 3794 3583 3860 quia
3605 3797 3740 3845 nota

2093 3862 2229 3916 anni
2261 3862 2329 3915 27
2361 3861 2621 3929 ejusdem
2652 3859 3044 3914 Valentiniani
3090 3861 3277 3914 eidem
3312 3862 3339 3931 ξ
3371 3859 3597 3931 adjecta
3628 3868 3738 3927 est,

2092 3951 2224 3989 cum
2260 3933 2578 3999 rejicienda
2609 3938 2763 3985 esset
2785 3932 2854 3985 ad
2882 3934 2907 3996 ἒ
2934 3931 3069 3987 Gens
3096 3934 3445 3999 Hunnorum,
3479 3934 3574 3987 ubi
3610 3950 3737 3987 eam

2093 4005 2461 4077 consignavit
2488 4005 2729 4067 ldatius,
2764 4009 2828 4057 ut
2858 4020 2988 4058 mox
3021 4005 3345 4059 ostendam.

2654 4102 2791 4155 Nota
2825 4102 2965 4168 LXV,
3004 4119 3054 4171 p.
3088 4102 3177 4156 89.

2164 4183 2214 4235 1.
2241 4185 2481 4264 Mortem
2509 4180 3061 4264 PlacidiaiAugustze
3090 4182 3550 4264 adnotavit'l‘yro
3575 4182 3742 4264 Prosj

2095 4270 2195 4323 per
2226 4256 2330 4306 sub
2363 4253 2708 4306 consulibus
2741 4251 3142 4306 Valentiniano
3173 4270 3251 4307 vn
3286 4258 3341 4306 et
3374 4251 3607 4317 Avieno,
3643 4254 3741 4322 qui

2092 4324 2363 4379 consules
2387 4326 2543 4377 fuere
2565 4340 2718 4376 anno
2740 4339 2864 4376 εει-ω
2886 4325 3140 4393 vulgaris
3165 4326 3286 4378 450.
3311 4324 3468 4378 Alter
3500 4326 3743 4392 Prosper

2094 4395 2295 4478 mortis
2328 4394 2481 4478 diem
2508 4411 2542 4447 v
2578 4395 3027 4478 K_al_..Decem‘h.,
3062 4412 3251 4477 quem.
3283 4397 3459 4478 etiam
3512 4399 3743 4478 praefert

2092 4465 2436 4537 sepulcralis
2456 4465 2759 4535 inscriptio
2782 4483 2907 4537 quae
2933 4470 3215 4521 Ravenna;
3239 4466 3294 4520 in
3322 4465 3744 4522 ecclesiasanc-

326 4555 633 4593 assumere
655 4538 829 4594 licere
851 4530 1745 4594 e'xistimanthesterninonnulli
1769 4536 1977 4610 critici,
2016 4530 2059 4594 D
2090 4530 2281 4591 torum
2316 4530 2887 4606 martyrum'Nazarii
2924 4544 2981 4591 et
3010 4538 3158 4593 Celsi
3190 4539 3400 4593 visitur
3446 4555 3742 4610 quamque

326 4616 607 4665 utcontra
628 4610 822 4665 omnis
848 4617 997 4666 retro
1022 4610 1386 4682 antiquitatis
1413 4626 1763 4682 consensum
1783 4607 1982 4677 (Galli-

322 4699 607 4737 canorum
627 4682 959 4737 antistitum
981 4680 1664 4753 supravidimus)eontra
1679 4680 1850 4734 ﬁdem
1866 4696 1978 4753 cm-

326 4754 564 4808 lestinm
600 4755 930 4821 signorum,
966 4752 1092 4825 qua:
1125 4754 1360 4809 laudato
1407 4754 1531 4809 loco
1582 4755 1753 4807 refert
1797 4752 1975 4825 ennio.

326 4826 632 4889 Baronius,
666 4820 1019 4908 Prosperum
1074 4826 1463 4908 celeberrimas
1512 4820 1977 4908 illiusepis‘tolaa

324 4902 627 4951 auctorem
657 4894 1292 4965 przedicent.hominem
1316 4898 1555 4951 doctum
1573 4894 1784 4965 oppido
1802 4900 1978 4963 atque

327 4968 573 5039 pium,et
592 4969 661 5020 de
677 4968 861 5039 gratia
885 4969 977 5023 Dei
997 4975 1201 5024 contra
1220 4968 1558 5039 Pelagianos
1580 4979 1635 5023 et
1656 4965 1976 5034 Semipela-

324 5038 529 5107 gianos
546 5038 765 5109 optime
782 5040 1051 5094 meritum
1065 5041 1182 5101 .sed
1206 5038 1399 5095 tamen
1416 5040 1629 5094 laicum
1657 5043 1978 5106 caateraque

320 5112 615 5175 ignotum.
646 5113 691 5183 Α
726 5127 843 5183 quo
879 5114 1119 5177 proinde
1162 5128 1331 5166 nemo
1374 5128 1487 5166 non
1518 5112 1674 5164 videt
1705 5114 1973 5183 sanctum

321 5185 577 5237 Leonem
610 5181 984 5252 sine‘aliquo
1034 5184 1125 5238 sui
1176 5184 1364 5251 ipsius
1410 5184 1706 5251 totiusque
1755 5181 1978 5235 ordinis

320 5252 677 5336 episcopalis
700 5254 1367 5336 dedecore‘emendicare
1386 5271 1496 5308 non
1518 5252 1975 5336 potuisse-scrip:-

320 5331 447 5379 tum
468 5324 610 5398 illud
631 5327 692 5398 in
719 5341 832 5397 quo
850 5327 1134 5398 quidquid
1159 5326 1228 5379 de
1250 5324 1572 5398 oeconomia
1590 5324 1972 5398 sacratissimi

325 5396 591 5468 mysterii
619 5395 1002 5452 lide'tenendu
1017 5395 1065 5451 in
1082 5405 1199 5451 erat
1212 5440 1223 5459 ,
1247 5397 1517 5450 universo
1530 5395 1652 5450 orbi
1671 5399 1941 5468 semente
1954 5426 1973 5434 -

323 5466 581 5539 rumque
610 5474 668 5521 et
698 5470 952 5539 amplius
1001 5471 1406 5539 episcoporum
1439 5468 1693 5537 generali
1728 5466 1973 5519 concilio

323 5538 692 5609 propesitum
740 5541 864 5595 fuit.
903 5538 1109 5596 Verum
1144 5557 1175 5594 ο
1209 5545 1263 5592 te
1297 5539 1519 5593 felicem
1554 5539 1707 5594 '212
1739 5538 1974 5591 Genna-

322 5612 485 5665 dium
510 5612 520 5665 l
556 5610 655 5681 qui
682 5610 838 5666 Galla
859 5614 1188 5668 credulitate
1207 5610 1400 5678 (liceat
1420 5627 1552 5664 cum
1575 5609 1804 5662 Valerio
1834 5608 1975 5681 Mar-

318 5682 459 5736 tiale
476 5680 635 5753 loqui
652 5684 1126 5755 quandoquidem
1143 5683 1475 5755 Gennadius
1492 5681 1615 5749 ipse
1631 5680 1974 5755 aittepistola;

316 5755 539 5807 dictata!
552 5752 1310 5823 credunturhanientissimo
1330 5754 1475 5805 τητικὶ
1490 5769 1697 5822 moque
1714 5752 1971 5821 pontifici

314 5826 796 5895 detraxistiquod
818 5827 1093 5898 Prospero
1116 5827 1486 5895 adjudicares
1511 5842 1523 5893 ;
1561 5842 1696 5880 nam
1721 5824 1771 5878 si
1795 5839 1970 5895 quem

2090 4610 2242 4678 apud
2279 4610 2460 4662 emin.
2494 4611 2805 4664 Baronium
2841 4610 3099 4664 invenies
3150 4612 3217 4665 ad
3264 4628 3481 4665 annum
3526 4610 3648 4676 449,
3681 4627 3737 4666 ιι.

2092 4681 2830 4752 i67.Pseudo-Severusqui
2848 4687 2971 4736 acta
2987 4682 3164 4747 hujus
3180 4687 3288 4735 tem
3303 4684 3455 4752 poris
3472 4700 3537 4736 ex
3555 4682 3740 4735 ldatio

2089 4753 2393 4818 describit,
2417 4753 2605 4806 eidem
2631 4770 2783 4807 anno
2808 4754 3035 4808 obitum
3056 4754 3367 4808 Theodosii
3394 4760 3448 4807 et
3474 4753 3740 4806 Placidim

2088 4824 2349 4879 adnectit
2365 4830 2425 4878 ut
2443 4826 2681 4879 minime
2698 4825 3144 4879 dubitureliceat
3165 4825 3409 4878 ldatium
3428 4824 3739 4893 utriusque

2087 4901 2332 4951 mortem
2365 4896 2551 4950 eidem
2590 4901 2733 4950 notae
2772 4896 3192 4964 rhronologicze
3226 4896 3572 4965 subjecisse,
3605 4895 3739 4949 huic

2090 4968 2367 5021 nimirum
2399 4984 2557 5025 xxvr.
2590 4984 2721 5037 quia
2758 4967 3017 5031 ascripta
3048 4970 3074 5033 §
3106 4966 3476 5029 Sebastianus,
3512 4982 3735 5021 annum

2089 5040 2361 5105 designat
2382 5056 2505 5092 tera:
2529 5040 2860 5092 communis
2882 5038 3006 5101 450,
3034 5054 3309 5108 quocum,
3331 5046 3391 5090 nt
3409 5039 3627 5092 dictum
3648 5045 3739 5092 est

2087 5112 2453 5163 connectitur
2500 5127 2689 5163 annus
2736 5112 3053 5176 vigesimus
3086 5114 3285 5163 sextus
3319 5110 3732 5164 Valentiniani.

2087 5181 2513 5251 Ouapropterin
2531 5180 2768 5250 reliquis
2790 5181 3056 5235 Chroniei
3074 5182 3319 5235 Idatiani
3344 5181 3733 5245 Editionibus,

2088 5254 2144 5307 in
2177 5253 2393 5323 quibus
2446 5252 2654 5321 legitur
2687 5269 2699 5305 :
2735 5268 2913 5306 xxvm
2954 5252 3336 5307 Valentiniani
3378 5253 3735 5322 imperatoris

2084 5332 2264 5378 mater
2295 5323 2537 5378 Placidia
2567 5324 2809 5377 moritur
2837 5324 2981 5393 apud
3009 5326 3250 5381 Romam.
3273 5324 3487 5395 triplici
3513 5325 3740 5379 laborat

2083 5397 2220 5449 vitio
2249 5402 2404 5449 locus
2427 5396 2535 5449 iste
2568 5412 2580 5448 :
2619 5396 2674 5449 1ο
2702 5396 2853 5463 quod
2890 5402 3086 5449 notam
3125 5396 3392 5465 prmferat
3423 5397 3735 5451 chronolo-

2084 5468 2269 5536 gicam
2313 5483 2511 5528 xxvm,
2546 5483 2678 5520 cum
2733 5467 2954 5520 ldatius
3005 5468 3115 5521 sub
3169 5468 3339 5521 modo
3390 5469 3545 5522 dicta
3605 5480 3742 5523 nota

2084 5556 2211 5593 xxvr
2246 5558 2278 5594 a
2310 5546 2333 5599 ξ
2360 5538 2707 5593 Sebastianus
2752 5538 2915 5592 exsul
2938 5540 3006 5593 ad
3035 5540 3062 5609 ξ
3095 5538 3232 5593 Gens
3283 5541 3609 5595 Hunnorum
3641 5542 3739 5594 (le-

2083 5617 2317 5673 currdt;
2352 5614 2408 5663 2"
2432 5610 2582 5679 quod
2610 5626 2675 5663 ex
2699 5610 2927 5663 tltlftlms
2963 5611 3364 5665 numeralibus
3395 5614 3552 5668 214
3585 5613 3742 5665 notis

2082 5681 2255 5736 altera
2288 5698 2458 5743 xxvii,
2482 5682 2663 5733 altera
2692 5699 2727 5739 ι,
2754 5699 2867 5734 una
2892 5682 3136 5736 conflata
3163 5683 3239 5736 sit
3259 5701 3431 5737 xxvm
3462 5710 3472 5741 ε
3503 5685 3558 5733 3°
3580 5684 3733 5752 quod

2082 5754 2254 5806 verba
2287 5753 2387 5805 illa
2424 5752 2801 5805 Valentiniani
2832 5756 3182 5806 imperatoris
3202 5767 3399 5821 mater,
3420 5754 3734 5824 (,iiizeldatii

2083 5842 2196 5880 non
2231 5830 2390 5893 sunt,
2427 5824 2558 5878 huic
2587 5824 2713 5879 loco
2746 5826 2971 5895 ingesta
3002 5828 3139 5881 sint.
